<?xml version="1.0" encoding="UTF-8"?>
<!DOCTYPE html PUBLIC "-//W3C//DTD XHTML 1.0 Transitional//EN"
    "http://www.w3.org/TR/xhtml1/DTD/xhtml1-transitional.dtd">
<html xmlns="http://www.w3.org/1999/xhtml" xml:lang="en" lang="en">
 <head>
  <title>
</title>
<meta http-equiv="Content-Type" content="text/html;charset=utf-8" />
  <meta name='ocr-system' content='tesseract 3.04.00' />
  <meta name='ocr-capabilities' content='ocr_page ocr_carea ocr_par ocr_line ocrx_word'/>
</head>
<body>
  <div class='ocr_page' id='page_1' title='image "./publiiterentiia04lemagoog_0110.png"; bbox 0 0 2926 4858; ppageno 0'>
   <div class='ocr_carea' id='block_1_1' title="bbox 281 355 1189 453">
    <p class='ocr_par' dir='ltr' id='par_1_1' title="bbox 281 355 1189 453">
     <span class='ocr_line' id='line_1_1' title="bbox 281 355 1189 453; baseline -0.003 -27"><span class='ocrx_word' id='word_1_1' title='bbox 281 382 302 426; x_wconf 89' lang='lat' dir='ltr'><strong>c</strong></span> <span class='ocrx_word' id='word_1_2' title='bbox 438 355 852 453; x_wconf 12' lang='lat' dir='ltr'><strong>DANlELlSIHElNSll</strong></span> <span class='ocrx_word' id='word_1_3' title='bbox 880 355 1189 424; x_wconf 85' lang='lat' dir='ltr'><strong>DISSERTATIO.</strong></span> 
     </span>
    </p>
   </div>
   <div class='ocr_carea' id='block_1_2' title="bbox 232 487 1364 2391">
    <p class='ocr_par' dir='ltr' id='par_1_2' title="bbox 232 487 1364 2391">
     <span class='ocr_line' id='line_1_2' title="bbox 282 487 1351 584; baseline -0.002 -26"><span class='ocrx_word' id='word_1_4' title='bbox 282 490 378 575; x_wconf 88' lang='lat' dir='ltr'><strong>dam,</strong></span> <span class='ocrx_word' id='word_1_5' title='bbox 398 489 496 584; x_wconf 90' lang='lat' dir='ltr'><strong>primi</strong></span> <span class='ocrx_word' id='word_1_6' title='bbox 512 503 547 558; x_wconf 88' lang='lat' dir='ltr'><strong>et</strong></span> <span class='ocrx_word' id='word_1_7' title='bbox 559 487 740 576; x_wconf 87' lang='lat' dir='ltr'><strong>edidimus,</strong></span> <span class='ocrx_word' id='word_1_8' title='bbox 759 491 845 559; x_wconf 85' lang='lat' dir='ltr'><strong>etin</strong></span> <span class='ocrx_word' id='word_1_9' title='bbox 863 489 1021 558; x_wconf 88' lang='lat' dir='ltr'><strong>Latinum</strong></span> <span class='ocrx_word' id='word_1_10' title='bbox 1038 489 1264 557; x_wconf 82' lang='lat' dir='ltr'>convertimus</span> <span class='ocrx_word' id='word_1_11' title='bbox 1283 513 1351 556; x_wconf 88' lang='lat' dir='ltr'><strong>ser-</strong></span> 
     </span>
     <span class='ocr_line' id='line_1_3' title="bbox 282 581 1350 690; baseline -0.003 -26"><span class='ocrx_word' id='word_1_12' title='bbox 282 620 437 680; x_wconf 87' lang='lat' dir='ltr'><strong>monem,</strong></span> <span class='ocrx_word' id='word_1_13' title='bbox 457 609 495 663; x_wconf 94' lang='lat' dir='ltr'><strong>ut</strong></span> <span class='ocrx_word' id='word_1_14' title='bbox 520 619 605 690; x_wconf 84' lang='lat' dir='ltr'><strong>saepc</strong></span> <span class='ocrx_word' id='word_1_15' title='bbox 633 593 730 680; x_wconf 87' lang='lat' dir='ltr'><strong>alias,</strong></span> <span class='ocrx_word' id='word_1_16' title='bbox 753 595 973 690; x_wconf 83' lang='lat' dir='ltr'><strong>confugimus.</strong></span> <span class='ocrx_word' id='word_1_17' title='bbox 997 596 1065 684; x_wconf 90' lang='lat' dir='ltr'><strong>Qui</strong></span> <span class='ocrx_word' id='word_1_18' title='bbox 1086 595 1152 664; x_wconf 91' lang='lat' dir='ltr'><strong>hoc</strong></span> <span class='ocrx_word' id='word_1_19' title='bbox 1174 593 1299 664; x_wconf 89' lang='lat' dir='ltr'><strong>modo:</strong></span> <span class='ocrx_word' id='word_1_20' title='bbox 1321 581 1350 661; x_wconf 82' lang='lat' dir='ltr'><strong>A</strong></span> 
     </span>
     <span class='ocr_line' id='line_1_4' title="bbox 284 694 1353 795; baseline -0.004 -27"><span class='ocrx_word' id='word_1_21' title='bbox 284 694 319 768; x_wconf 73' lang='grc' dir='ltr'><strong>δὲ</strong></span> <span class='ocrx_word' id='word_1_22' title='bbox 349 702 500 794; x_wconf 79' lang='grc' dir='ltr'><strong>μεσότης,</strong></span> <span class='ocrx_word' id='word_1_23' title='bbox 526 701 728 794; x_wconf 84' lang='grc' dir='ltr'>εὐτραπελία,</span> <span class='ocrx_word' id='word_1_24' title='bbox 756 703 807 768; x_wconf 75' lang='grc' dir='ltr'><strong>καὶ</strong></span> <span class='ocrx_word' id='word_1_25' title='bbox 834 703 862 770; x_wconf 87' lang='grc' dir='ltr'><strong>οἱ</strong></span> <span class='ocrx_word' id='word_1_26' title='bbox 892 703 1038 794; x_wconf 82' lang='grc' dir='ltr'>ἔχοντες,</span> <span class='ocrx_word' id='word_1_27' title='bbox 1062 701 1263 795; x_wconf 75' lang='grc' dir='ltr'>εὐτράπελοι,</span> <span class='ocrx_word' id='word_1_28' title='bbox 1289 698 1353 768; x_wconf 87' lang='grc' dir='ltr'>οἷον</span> 
     </span>
     <span class='ocr_line' id='line_1_5' title="bbox 284 802 1355 902; baseline -0.002 -28"><span class='ocrx_word' id='word_1_29' title='bbox 284 811 436 901; x_wconf 70' lang='lat' dir='ltr'><strong>stirpensi·</strong></span> <span class='ocrx_word' id='word_1_30' title='bbox 455 807 506 875; x_wconf 82' lang='grc' dir='ltr'><strong>καὶ</strong></span> <span class='ocrx_word' id='word_1_31' title='bbox 528 806 587 902; x_wconf 81' lang='grc' dir='ltr'><strong>γὰρ</strong></span> <span class='ocrx_word' id='word_1_32' title='bbox 607 834 662 875; x_wconf 89' lang='grc' dir='ltr'><strong>τοο</strong></span> <span class='ocrx_word' id='word_1_33' title='bbox 682 807 772 886; x_wconf 83' lang='grc' dir='ltr'>ἤθους</span> <span class='ocrx_word' id='word_1_34' title='bbox 792 802 918 876; x_wconf 68' lang='lat' dir='ltr'><strong>doraum</strong></span> <span class='ocrx_word' id='word_1_35' title='bbox 940 834 1083 876; x_wconf 89' lang='grc' dir='ltr'>τοιαυται</span> <span class='ocrx_word' id='word_1_36' title='bbox 1105 811 1249 893; x_wconf 64' lang='grc' dir='ltr'>κινήσεις,</span> <span class='ocrx_word' id='word_1_37' title='bbox 1265 807 1355 874; x_wconf 83' lang='grc' dir='ltr'>οὗτοι</span> 
     </span>
     <span class='ocr_line' id='line_1_6' title="bbox 285 902 1353 1006; baseline -0.001 -26"><span class='ocrx_word' id='word_1_38' title='bbox 285 905 323 981; x_wconf 76' lang='grc' dir='ltr'><strong>δέ</strong></span> <span class='ocrx_word' id='word_1_39' title='bbox 339 914 409 981; x_wconf 82' lang='grc' dir='ltr'>εἰσιν</span> <span class='ocrx_word' id='word_1_40' title='bbox 433 922 461 987; x_wconf 85' lang='grc' dir='ltr'><strong>οἱ</strong></span> <span class='ocrx_word' id='word_1_41' title='bbox 482 902 642 992; x_wconf 76' lang='grc' dir='ltr'>παίζοντες</span> <span class='ocrx_word' id='word_1_42' title='bbox 665 916 819 1006; x_wconf 78' lang='grc' dir='ltr'>ἐμμελῶς,</span> <span class='ocrx_word' id='word_1_43' title='bbox 839 914 891 982; x_wconf 86' lang='grc' dir='ltr'><strong>καὶ</strong></span> <span class='ocrx_word' id='word_1_44' title='bbox 913 919 952 994; x_wconf 89' lang='grc' dir='ltr'><strong>ὡς</strong></span> <span class='ocrx_word' id='word_1_45' title='bbox 977 907 1044 1002; x_wconf 75' lang='grc' dir='ltr'>δεῖ,</span> <span class='ocrx_word' id='word_1_46' title='bbox 1071 913 1123 982; x_wconf 85' lang='grc' dir='ltr'><strong>καὶ</strong></span> <span class='ocrx_word' id='word_1_47' title='bbox 1152 918 1225 981; x_wconf 80' lang='grc' dir='ltr'>ὅτε·</span> <span class='ocrx_word' id='word_1_48' title='bbox 1248 919 1353 1006; x_wconf 87' lang='grc' dir='ltr'>ὥσπερ</span> 
     </span>
     <span class='ocr_line' id='line_1_7' title="bbox 283 1016 1354 1116; baseline -0.002 -29"><span class='ocrx_word' id='word_1_49' title='bbox 283 1018 342 1115; x_wconf 72' lang='grc' dir='ltr'><strong>γὰρ</strong></span> <span class='ocrx_word' id='word_1_50' title='bbox 354 1021 385 1088; x_wconf 84' lang='grc' dir='ltr'><strong>αἱ</strong></span> <span class='ocrx_word' id='word_1_51' title='bbox 402 1025 530 1097; x_wconf 65' lang='grc' dir='ltr'>κινήσεις</span> <span class='ocrx_word' id='word_1_52' title='bbox 546 1017 730 1112; x_wconf 80' lang='grc' dir='ltr'>τὰσώματα</span> <span class='ocrx_word' id='word_1_53' title='bbox 746 1016 1036 1116; x_wconf 74' lang='grc' dir='ltr'>χαρακτηρίζοοσιν·</span> <span class='ocrx_word' id='word_1_54' title='bbox 1047 1017 1108 1088; x_wconf 82' lang='grc' dir='ltr'>οἷον</span> <span class='ocrx_word' id='word_1_55' title='bbox 1126 1046 1185 1114; x_wconf 80' lang='lat' dir='ltr'><strong>nup</strong></span> <span class='ocrx_word' id='word_1_56' title='bbox 1208 1022 1291 1112; x_wconf 75' lang='grc' dir='ltr'><strong>μὲνὴ</strong></span> <span class='ocrx_word' id='word_1_57' title='bbox 1311 1020 1354 1094; x_wconf 83' lang='grc' dir='ltr'><strong>εἰς</strong></span> 
     </span>
     <span class='ocr_line' id='line_1_8' title="bbox 285 1119 1356 1220; baseline -0.003 -26"><span class='ocrx_word' id='word_1_58' title='bbox 285 1130 322 1194; x_wconf 84' lang='grc' dir='ltr'><strong>τὸ</strong></span> <span class='ocrx_word' id='word_1_59' title='bbox 345 1123 409 1192; x_wconf 77' lang='grc' dir='ltr'><strong>ἅνω</strong></span> <span class='ocrx_word' id='word_1_60' title='bbox 427 1127 540 1204; x_wconf 78' lang='grc' dir='ltr'>κίνησις</span> <span class='ocrx_word' id='word_1_61' title='bbox 562 1125 614 1192; x_wconf 81' lang='grc' dir='ltr'><strong>καὶ</strong></span> <span class='ocrx_word' id='word_1_62' title='bbox 641 1131 702 1192; x_wconf 75' lang='grc' dir='ltr'><strong>πᾶν</strong></span> <span class='ocrx_word' id='word_1_63' title='bbox 724 1140 846 1218; x_wconf 66' lang='lat' dir='ltr'><strong>torpor·</strong></span> <span class='ocrx_word' id='word_1_64' title='bbox 863 1126 941 1219; x_wconf 78' lang='grc' dir='ltr'>βαρὶι</span> <span class='ocrx_word' id='word_1_65' title='bbox 963 1119 998 1194; x_wconf 74' lang='grc' dir='ltr'><strong>δὲ</strong></span> <span class='ocrx_word' id='word_1_66' title='bbox 1020 1134 1038 1201; x_wconf 78' lang='grc' dir='ltr'><strong>ἡ</strong></span> <span class='ocrx_word' id='word_1_67' title='bbox 1057 1126 1096 1205; x_wconf 84' lang='grc' dir='ltr'><strong>εἰς</strong></span> <span class='ocrx_word' id='word_1_68' title='bbox 1115 1128 1153 1194; x_wconf 86' lang='grc' dir='ltr'><strong>τὸ</strong></span> <span class='ocrx_word' id='word_1_69' title='bbox 1173 1129 1281 1220; x_wconf 84' lang='grc' dir='ltr'>μέσον,</span> <span class='ocrx_word' id='word_1_70' title='bbox 1301 1126 1356 1192; x_wconf 78' lang='grc' dir='ltr'><strong>καὶ</strong></span> 
     </span>
     <span class='ocr_line' id='line_1_9' title="bbox 289 1227 1355 1326; baseline -0.002 -26"><span class='ocrx_word' id='word_1_71' title='bbox 289 1238 339 1300; x_wconf 79' lang='grc' dir='ltr'><strong>ἔτι</strong></span> <span class='ocrx_word' id='word_1_72' title='bbox 350 1244 412 1300; x_wconf 81' lang='grc' dir='ltr'><strong>τῶν</strong></span> <span class='ocrx_word' id='word_1_73' title='bbox 423 1231 524 1299; x_wconf 78' lang='grc' dir='ltr'>ἄλλων</span> <span class='ocrx_word' id='word_1_74' title='bbox 535 1231 656 1323; x_wconf 82' lang='grc' dir='ltr'>ὁμοίως·</span> <span class='ocrx_word' id='word_1_75' title='bbox 665 1235 747 1299; x_wconf 80' lang='grc' dir='ltr'>οὕτω</span> <span class='ocrx_word' id='word_1_76' title='bbox 758 1258 810 1300; x_wconf 81' lang='grc' dir='ltr'><strong>και</strong></span> <span class='ocrx_word' id='word_1_77' title='bbox 822 1233 884 1301; x_wconf 78' lang='grc' dir='ltr'><strong>ἀπὸ</strong></span> <span class='ocrx_word' id='word_1_78' title='bbox 892 1241 953 1299; x_wconf 86' lang='grc' dir='ltr'><strong>τῶν</strong></span> <span class='ocrx_word' id='word_1_79' title='bbox 964 1227 1022 1311; x_wconf 79' lang='grc' dir='ltr'><strong>ἔξω</strong></span> <span class='ocrx_word' id='word_1_80' title='bbox 1036 1259 1088 1300; x_wconf 85' lang='grc' dir='ltr'><strong>και</strong></span> <span class='ocrx_word' id='word_1_81' title='bbox 1095 1236 1281 1326; x_wconf 78' lang='grc' dir='ltr'>φαινομένων</span> <span class='ocrx_word' id='word_1_82' title='bbox 1297 1243 1355 1299; x_wconf 82' lang='grc' dir='ltr'><strong>τοῦ</strong></span> 
     </span>
     <span class='ocr_line' id='line_1_10' title="bbox 285 1332 1355 1431; baseline -0.003 -25"><span class='ocrx_word' id='word_1_83' title='bbox 285 1339 444 1431; x_wconf 78' lang='grc' dir='ltr'>ἀνθρώπου</span> <span class='ocrx_word' id='word_1_84' title='bbox 466 1340 626 1420; x_wconf 65' lang='grc' dir='ltr'>κινήσεων,</span> <span class='ocrx_word' id='word_1_85' title='bbox 648 1337 679 1403; x_wconf 87' lang='grc' dir='ltr'><strong>αἱ</strong></span> <span class='ocrx_word' id='word_1_86' title='bbox 696 1332 770 1417; x_wconf 75' lang='grc' dir='ltr'>ἔξεις</span> <span class='ocrx_word' id='word_1_87' title='bbox 786 1349 843 1417; x_wconf 75' lang='grc' dir='ltr'><strong>τῆς</strong></span> <span class='ocrx_word' id='word_1_88' title='bbox 862 1336 962 1430; x_wconf 78' lang='grc' dir='ltr'>ψυχῆς</span> <span class='ocrx_word' id='word_1_89' title='bbox 981 1339 1140 1430; x_wconf 76' lang='grc' dir='ltr'>φαίνονται</span> <span class='ocrx_word' id='word_1_90' title='bbox 1158 1366 1209 1406; x_wconf 88' lang='grc' dir='ltr'><strong>και</strong></span> <span class='ocrx_word' id='word_1_91' title='bbox 1229 1337 1270 1406; x_wconf 75' lang='grc' dir='ltr'><strong>τὰ</strong></span> <span class='ocrx_word' id='word_1_92' title='bbox 1283 1339 1355 1412; x_wconf 69' lang='grc' dir='ltr'>ἢθη.</span> 
     </span>
     <span class='ocr_line' id='line_1_11' title="bbox 286 1444 1359 1538; baseline -0.002 -26"><span class='ocrx_word' id='word_1_93' title='bbox 286 1444 389 1533; x_wconf 91' lang='lat' dir='ltr'><strong>Quod</strong></span> <span class='ocrx_word' id='word_1_94' title='bbox 399 1460 449 1514; x_wconf 88' lang='lat' dir='ltr'><strong>cst</strong></span> <span class='ocrx_word' id='word_1_95' title='bbox 462 1467 503 1512; x_wconf 85' lang='lat' dir='ltr'><strong>cx</strong></span> <span class='ocrx_word' id='word_1_96' title='bbox 516 1444 786 1538; x_wconf 83' lang='lat' dir='ltr'><strong>interpretatione</strong></span> <span class='ocrx_word' id='word_1_97' title='bbox 801 1459 915 1514; x_wconf 85' lang='lat' dir='ltr'><strong>nostra</strong></span> <span class='ocrx_word' id='word_1_98' title='bbox 928 1469 935 1512; x_wconf 93' lang='lat'>:</span> <span class='ocrx_word' id='word_1_99' title='bbox 954 1444 1126 1514; x_wconf 84' lang='lat' dir='ltr'><strong>«Medium</strong></span> <span class='ocrx_word' id='word_1_100' title='bbox 1141 1471 1239 1533; x_wconf 89' lang='lat' dir='ltr'><strong>vero,</strong></span> <span class='ocrx_word' id='word_1_101' title='bbox 1252 1449 1359 1537; x_wconf 82' lang='grc' dir='ltr'>εὐτρα-</span> 
     </span>
     <span class='ocr_line' id='line_1_12' title="bbox 286 1549 1360 1645; baseline -0.002 -26"><span class='ocrx_word' id='word_1_102' title='bbox 286 1550 394 1635; x_wconf 86' lang='grc' dir='ltr'>πελία,</span> <span class='ocrx_word' id='word_1_103' title='bbox 408 1550 522 1636; x_wconf 90' lang='lat' dir='ltr'><strong>idest,</strong></span> <span class='ocrx_word' id='word_1_104' title='bbox 536 1550 722 1634; x_wconf 89' lang='lat' dir='ltr'><strong>urbanitas,</strong></span> <span class='ocrx_word' id='word_1_105' title='bbox 736 1553 857 1645; x_wconf 91' lang='lat' dir='ltr'><strong>quique</strong></span> <span class='ocrx_word' id='word_1_106' title='bbox 872 1554 906 1620; x_wconf 89' lang='lat' dir='ltr'><strong>in</strong></span> <span class='ocrx_word' id='word_1_107' title='bbox 921 1575 961 1620; x_wconf 89' lang='lat' dir='ltr'><strong>eo</strong></span> <span class='ocrx_word' id='word_1_108' title='bbox 974 1549 1153 1638; x_wconf 81' lang='lat' dir='ltr'><strong>excellunt,</strong></span> <span class='ocrx_word' id='word_1_109' title='bbox 1165 1553 1360 1645; x_wconf 71' lang='grc' dir='ltr'>εὐτράπελοι,</span> 
     </span>
     <span class='ocr_line' id='line_1_13' title="bbox 287 1655 1358 1751; baseline 0.001 -27"><span class='ocrx_word' id='word_1_110' title='bbox 287 1659 380 1751; x_wconf 84' lang='lat' dir='ltr'><strong>quasi</strong></span> <span class='ocrx_word' id='word_1_111' title='bbox 402 1659 562 1749; x_wconf 85' lang='grc' dir='ltr'>εὕτροποι,</span> <span class='ocrx_word' id='word_1_112' title='bbox 584 1655 650 1724; x_wconf 82' lang='lat' dir='ltr'><strong>lioc</strong></span> <span class='ocrx_word' id='word_1_113' title='bbox 675 1671 743 1745; x_wconf 89' lang='lat' dir='ltr'><strong>est,</strong></span> <span class='ocrx_word' id='word_1_114' title='bbox 760 1657 846 1726; x_wconf 89' lang='lat' dir='ltr'><strong>benc</strong></span> <span class='ocrx_word' id='word_1_115' title='bbox 871 1659 1008 1745; x_wconf 87' lang='lat' dir='ltr'><strong>morati,</strong></span> <span class='ocrx_word' id='word_1_116' title='bbox 1033 1657 1199 1727; x_wconf 86' lang='lat' dir='ltr'><strong>dicuntur.</strong></span> <span class='ocrx_word' id='word_1_117' title='bbox 1223 1659 1358 1726; x_wconf 84' lang='lat' dir='ltr'><strong>Etenim</strong></span> 
     </span>
     <span class='ocr_line' id='line_1_14' title="bbox 288 1759 1359 1859; baseline 0 -28"><span class='ocrx_word' id='word_1_118' title='bbox 288 1765 497 1859; x_wconf 89' lang='lat' dir='ltr'><strong>potissimum</strong></span> <span class='ocrx_word' id='word_1_119' title='bbox 519 1761 705 1830; x_wconf 89' lang='lat' dir='ltr'><strong>amoribus</strong></span> <span class='ocrx_word' id='word_1_120' title='bbox 724 1763 879 1832; x_wconf 84' lang='lat' dir='ltr'><strong>videntur</strong></span> <span class='ocrx_word' id='word_1_121' title='bbox 896 1788 966 1834; x_wconf 88' lang='lat' dir='ltr'><strong>esse</strong></span> <span class='ocrx_word' id='word_1_122' title='bbox 986 1764 1020 1831; x_wconf 90' lang='lat' dir='ltr'><strong>hi</strong></span> <span class='ocrx_word' id='word_1_123' title='bbox 1040 1778 1159 1833; x_wconf 88' lang='lat' dir='ltr'><strong>motus.</strong></span> <span class='ocrx_word' id='word_1_124' title='bbox 1184 1767 1227 1833; x_wconf 89' lang='lat' dir='ltr'><strong>lli</strong></span> <span class='ocrx_word' id='word_1_125' title='bbox 1245 1759 1359 1832; x_wconf 79' lang='lat' dir='ltr'><strong>autem</strong></span> 
     </span>
     <span class='ocr_line' id='line_1_15' title="bbox 232 1869 1361 1966; baseline 0 -28"><span class='ocrx_word' id='word_1_126' title='bbox 232 1889 233 1892; x_wconf 74' lang='grc'>’</span> <span class='ocrx_word' id='word_1_127' title='bbox 289 1884 381 1953; x_wconf 92' lang='lat' dir='ltr'><strong>sunt,</strong></span> <span class='ocrx_word' id='word_1_128' title='bbox 403 1870 460 1963; x_wconf 91' lang='lat' dir='ltr'><strong>qui</strong></span> <span class='ocrx_word' id='word_1_129' title='bbox 480 1871 659 1954; x_wconf 82' lang='lat' dir='ltr'><strong>concinne,</strong></span> <span class='ocrx_word' id='word_1_130' title='bbox 677 1883 712 1937; x_wconf 90' lang='lat' dir='ltr'><strong>et</strong></span> <span class='ocrx_word' id='word_1_131' title='bbox 720 1869 1023 1962; x_wconf 87' lang='lat' dir='ltr'><strong>quemadmodum,</strong></span> <span class='ocrx_word' id='word_1_132' title='bbox 1040 1885 1074 1939; x_wconf 91' lang='lat' dir='ltr'><strong>et</strong></span> <span class='ocrx_word' id='word_1_133' title='bbox 1088 1895 1192 1964; x_wconf 91' lang='lat' dir='ltr'><strong>quum</strong></span> <span class='ocrx_word' id='word_1_134' title='bbox 1210 1885 1361 1966; x_wconf 83' lang='lat' dir='ltr'><strong>oportet,</strong></span> 
     </span>
     <span class='ocr_line' id='line_1_16' title="bbox 287 1975 1360 2071; baseline 0 -25"><span class='ocrx_word' id='word_1_135' title='bbox 287 1977 564 2071; x_wconf 81' lang='lat' dir='ltr'><strong>jocantur.&#39;Sicnt</strong></span> <span class='ocrx_word' id='word_1_136' title='bbox 585 1975 673 2044; x_wconf 88' lang='lat' dir='ltr'><strong>enim</strong></span> <span class='ocrx_word' id='word_1_137' title='bbox 696 1976 1066 2071; x_wconf 80' lang='lat' dir='ltr'><strong>corporadistinguunt</strong></span> <span class='ocrx_word' id='word_1_138' title='bbox 1089 1979 1140 2046; x_wconf 91' lang='lat' dir='ltr'><strong>sui</strong></span> <span class='ocrx_word' id='word_1_139' title='bbox 1156 1993 1283 2063; x_wconf 88' lang='lat' dir='ltr'><strong>motus,</strong></span> <span class='ocrx_word' id='word_1_140' title='bbox 1303 1993 1360 2060; x_wconf 90' lang='lat' dir='ltr'><strong>ut,</strong></span> 
     </span>
     <span class='ocr_line' id='line_1_17' title="bbox 290 2081 1362 2178; baseline 0 -26"><span class='ocrx_word' id='word_1_141' title='bbox 290 2081 432 2178; x_wconf 89' lang='lat' dir='ltr'><strong>exempli</strong></span> <span class='ocrx_word' id='word_1_142' title='bbox 447 2084 570 2177; x_wconf 82' lang='lat' dir='ltr'><strong>gratia,</strong></span> <span class='ocrx_word' id='word_1_143' title='bbox 589 2082 700 2175; x_wconf 83' lang='lat' dir='ltr'><strong>ignem</strong></span> <span class='ocrx_word' id='word_1_144' title='bbox 718 2097 752 2150; x_wconf 90' lang='lat' dir='ltr'><strong>et</strong></span> <span class='ocrx_word' id='word_1_145' title='bbox 769 2081 928 2177; x_wconf 87' lang='lat' dir='ltr'><strong>quidquid</strong></span> <span class='ocrx_word' id='word_1_146' title='bbox 948 2082 1020 2151; x_wconf 90' lang='lat' dir='ltr'><strong>leve</strong></span> <span class='ocrx_word' id='word_1_147' title='bbox 1036 2098 1105 2170; x_wconf 88' lang='lat' dir='ltr'><strong>est,</strong></span> <span class='ocrx_word' id='word_1_148' title='bbox 1120 2099 1230 2153; x_wconf 88' lang='lat' dir='ltr'><strong>motus</strong></span> <span class='ocrx_word' id='word_1_149' title='bbox 1250 2085 1304 2177; x_wconf 91' lang='lat' dir='ltr'><strong>qui</strong></span> <span class='ocrx_word' id='word_1_150' title='bbox 1325 2085 1362 2152; x_wconf 92' lang='lat' dir='ltr'><strong>in</strong></span> 
     </span>
     <span class='ocr_line' id='line_1_18' title="bbox 292 2188 1364 2283; baseline 0 -26"><span class='ocrx_word' id='word_1_151' title='bbox 292 2190 396 2258; x_wconf 85' lang='lat' dir='ltr'><strong>altum</strong></span> <span class='ocrx_word' id='word_1_152' title='bbox 410 2188 531 2274; x_wconf 87' lang='lat' dir='ltr'><strong>fertur,</strong></span> <span class='ocrx_word' id='word_1_153' title='bbox 543 2211 644 2282; x_wconf 83' lang='lat' dir='ltr'><strong>grave</strong></span> <span class='ocrx_word' id='word_1_154' title='bbox 659 2203 790 2274; x_wconf 87' lang='lat' dir='ltr'><strong>contra,</strong></span> <span class='ocrx_word' id='word_1_155' title='bbox 804 2204 914 2259; x_wconf 88' lang='lat' dir='ltr'><strong>motus</strong></span> <span class='ocrx_word' id='word_1_156' title='bbox 927 2192 983 2283; x_wconf 85' lang='lat' dir='ltr'><strong>qui</strong></span> <span class='ocrx_word' id='word_1_157' title='bbox 998 2189 1040 2257; x_wconf 86' lang='lat' dir='ltr'><strong>ad</strong></span> <span class='ocrx_word' id='word_1_158' title='bbox 1054 2190 1216 2273; x_wconf 87' lang='lat' dir='ltr'><strong>medium,</strong></span> <span class='ocrx_word' id='word_1_159' title='bbox 1230 2189 1364 2258; x_wconf 85' lang='lat' dir='ltr'><strong>eodem-</strong></span> 
     </span>
     <span class='ocr_line' id='line_1_19' title="bbox 243 2293 1362 2391; baseline -0.001 -27"><span class='ocrx_word' id='word_1_160' title='bbox 243 2383 246 2389; x_wconf 28' lang='lat'>·</span> <span class='ocrx_word' id='word_1_161' title='bbox 292 2321 357 2389; x_wconf 88' lang='lat' dir='ltr'><strong>que</strong></span> <span class='ocrx_word' id='word_1_162' title='bbox 372 2295 473 2364; x_wconf 92' lang='lat' dir='ltr'><strong>modo</strong></span> <span class='ocrx_word' id='word_1_163' title='bbox 488 2296 523 2362; x_wconf 93' lang='lat' dir='ltr'><strong>in</strong></span> <span class='ocrx_word' id='word_1_164' title='bbox 538 2293 626 2382; x_wconf 74' lang='lat' dir='ltr'><strong>aliis,</strong></span> <span class='ocrx_word' id='word_1_165' title='bbox 641 2295 686 2363; x_wconf 87' lang='lat' dir='ltr'><strong>ita</strong></span> <span class='ocrx_word' id='word_1_166' title='bbox 704 2319 745 2362; x_wconf 83' lang='lat' dir='ltr'><strong>ex</strong></span> <span class='ocrx_word' id='word_1_167' title='bbox 763 2296 801 2363; x_wconf 91' lang='lat' dir='ltr'><strong>iis</strong></span> <span class='ocrx_word' id='word_1_168' title='bbox 815 2298 872 2390; x_wconf 90' lang='lat' dir='ltr'><strong>qui</strong></span> <span class='ocrx_word' id='word_1_169' title='bbox 887 2309 980 2364; x_wconf 83' lang='lat' dir='ltr'><strong>extra</strong></span> <span class='ocrx_word' id='word_1_170' title='bbox 998 2309 1089 2382; x_wconf 90' lang='lat' dir='ltr'><strong>sunt,</strong></span> <span class='ocrx_word' id='word_1_171' title='bbox 1107 2311 1140 2365; x_wconf 90' lang='lat' dir='ltr'><strong>et</strong></span> <span class='ocrx_word' id='word_1_172' title='bbox 1155 2298 1211 2391; x_wconf 90' lang='lat' dir='ltr'><strong>qui</strong></span> <span class='ocrx_word' id='word_1_173' title='bbox 1226 2298 1260 2364; x_wconf 92' lang='lat' dir='ltr'><strong>in</strong></span> <span class='ocrx_word' id='word_1_174' title='bbox 1275 2321 1362 2364; x_wconf 90' lang='lat' dir='ltr'><strong>ocu-</strong></span> 
     </span>
    </p>
   </div>
   <div class='ocr_carea' id='block_1_3' title="bbox 185 2399 1368 2816">
    <p class='ocr_par' dir='ltr' id='par_1_3' title="bbox 185 2399 1368 2816">
     <span class='ocr_line' id='line_1_20' title="bbox 294 2399 1364 2498; baseline 0 -28"><span class='ocrx_word' id='word_1_175' title='bbox 294 2401 342 2470; x_wconf 91' lang='lat' dir='ltr'><strong>los</strong></span> <span class='ocrx_word' id='word_1_176' title='bbox 364 2403 539 2470; x_wconf 87' lang='lat' dir='ltr'><strong>incurrunt</strong></span> <span class='ocrx_word' id='word_1_177' title='bbox 557 2399 732 2469; x_wconf 90' lang='lat' dir='ltr'><strong>hominum</strong></span> <span class='ocrx_word' id='word_1_178' title='bbox 754 2403 913 2483; x_wconf 90' lang='lat' dir='ltr'><strong>motibus,</strong></span> <span class='ocrx_word' id='word_1_179' title='bbox 936 2401 1069 2471; x_wconf 88' lang='lat' dir='ltr'><strong>habitus</strong></span> <span class='ocrx_word' id='word_1_180' title='bbox 1096 2427 1230 2498; x_wconf 89' lang='lat' dir='ltr'><strong>quoque</strong></span> <span class='ocrx_word' id='word_1_181' title='bbox 1254 2427 1364 2497; x_wconf 89' lang='lat' dir='ltr'><strong>appa-</strong></span> 
     </span>
     <span class='ocr_line' id='line_1_21' title="bbox 185 2507 1366 2603; baseline 0 -27"><span class='ocrx_word' id='word_1_182' title='bbox 185 2593 187 2598; x_wconf 68' lang='lat'><strong>,</strong></span> <span class='ocrx_word' id='word_1_183' title='bbox 295 2521 369 2576; x_wconf 89' lang='lat' dir='ltr'><strong>rent</strong></span> <span class='ocrx_word' id='word_1_184' title='bbox 383 2507 500 2575; x_wconf 74' lang='lat' dir='ltr'><strong>animae</strong></span> <span class='ocrx_word' id='word_1_185' title='bbox 514 2520 549 2574; x_wconf 90' lang='lat' dir='ltr'><strong>et</strong></span> <span class='ocrx_word' id='word_1_186' title='bbox 561 2532 681 2576; x_wconf 89' lang='lat' dir='ltr'><strong>mores.</strong></span> <span class='ocrx_word' id='word_1_187' title='bbox 693 2537 711 2572; x_wconf 77' lang='lat' dir='ltr'><strong>n</strong></span> <span class='ocrx_word' id='word_1_188' title='bbox 727 2509 814 2596; x_wconf 87' lang='lat' dir='ltr'><strong>Quia</strong></span> <span class='ocrx_word' id='word_1_189' title='bbox 828 2523 938 2577; x_wconf 89' lang='lat' dir='ltr'><strong>autem</strong></span> <span class='ocrx_word' id='word_1_190' title='bbox 957 2510 1040 2578; x_wconf 91' lang='lat' dir='ltr'><strong>risus</strong></span> <span class='ocrx_word' id='word_1_191' title='bbox 1054 2510 1108 2592; x_wconf 87' lang='lat' dir='ltr'><strong>iis,</strong></span> <span class='ocrx_word' id='word_1_192' title='bbox 1118 2525 1157 2578; x_wconf 91' lang='lat' dir='ltr'><strong>ut</strong></span> <span class='ocrx_word' id='word_1_193' title='bbox 1170 2508 1366 2603; x_wconf 90' lang='lat' dir='ltr'><strong>plurimum,</strong></span> 
     </span>
     <span class='ocr_line' id='line_1_22' title="bbox 294 2612 1368 2709; baseline 0.002 -29"><span class='ocrx_word' id='word_1_194' title='bbox 294 2615 350 2706; x_wconf 89' lang='lat' dir='ltr'><strong>qui</strong></span> <span class='ocrx_word' id='word_1_195' title='bbox 369 2613 477 2682; x_wconf 92' lang='lat' dir='ltr'><strong>minus</strong></span> <span class='ocrx_word' id='word_1_196' title='bbox 496 2626 574 2680; x_wconf 90' lang='lat' dir='ltr'><strong>sunt</strong></span> <span class='ocrx_word' id='word_1_197' title='bbox 590 2612 742 2701; x_wconf 89' lang='lat' dir='ltr'><strong>honesti,</strong></span> <span class='ocrx_word' id='word_1_198' title='bbox 761 2613 875 2709; x_wconf 83' lang='lat' dir='ltr'><strong>quales</strong></span> <span class='ocrx_word' id='word_1_199' title='bbox 895 2615 1046 2683; x_wconf 89' lang='lat' dir='ltr'><strong>homines</strong></span> <span class='ocrx_word' id='word_1_200' title='bbox 1068 2615 1187 2709; x_wconf 87' lang='lat' dir='ltr'><strong>plebeii</strong></span> <span class='ocrx_word' id='word_1_201' title='bbox 1212 2630 1289 2684; x_wconf 89' lang='lat' dir='ltr'><strong>sunt</strong></span> <span class='ocrx_word' id='word_1_202' title='bbox 1305 2630 1368 2682; x_wconf 86' lang='lat' dir='ltr'><strong>aut</strong></span> 
     </span>
     <span class='ocr_line' id='line_1_23' title="bbox 295 2719 1366 2816; baseline 0.002 -30"><span class='ocrx_word' id='word_1_203' title='bbox 295 2743 438 2806; x_wconf 86' lang='lat' dir='ltr'><strong>scurrae,</strong></span> <span class='ocrx_word' id='word_1_204' title='bbox 461 2733 573 2813; x_wconf 82' lang='lat' dir='ltr'><strong>gratus</strong></span> <span class='ocrx_word' id='word_1_205' title='bbox 600 2745 670 2790; x_wconf 86' lang='lat' dir='ltr'><strong>esse</strong></span> <span class='ocrx_word' id='word_1_206' title='bbox 699 2719 799 2804; x_wconf 88' lang='lat' dir='ltr'><strong>solet;</strong></span> <span class='ocrx_word' id='word_1_207' title='bbox 817 2721 896 2790; x_wconf 91' lang='lat' dir='ltr'><strong>hinc</strong></span> <span class='ocrx_word' id='word_1_208' title='bbox 922 2719 976 2807; x_wconf 89' lang='lat' dir='ltr'><strong>fit,</strong></span> <span class='ocrx_word' id='word_1_209' title='bbox 997 2724 1104 2816; x_wconf 88' lang='lat' dir='ltr'><strong>inquit</strong></span> <span class='ocrx_word' id='word_1_210' title='bbox 1125 2721 1211 2790; x_wconf 89' lang='lat' dir='ltr'><strong>idem</strong></span> <span class='ocrx_word' id='word_1_211' title='bbox 1237 2723 1366 2791; x_wconf 90' lang='lat' dir='ltr'><strong>Aristo·</strong></span> 
     </span>
    </p>
   </div>
   <div class='ocr_carea' id='block_1_4' title="bbox 295 2823 1374 3864">
    <p class='ocr_par' dir='ltr' id='par_1_4' title="bbox 295 2823 1374 3864">
     <span class='ocr_line' id='line_1_24' title="bbox 295 2823 1369 2919; baseline 0.004 -27"><span class='ocrx_word' id='word_1_212' title='bbox 295 2823 394 2905; x_wconf 76' lang='lat' dir='ltr'><strong>tales,</strong></span> <span class='ocrx_word' id='word_1_213' title='bbox 410 2839 467 2912; x_wconf 87' lang='lat' dir='ltr'><strong>ut,</strong></span> <span class='ocrx_word' id='word_1_214' title='bbox 483 2826 539 2919; x_wconf 92' lang='lat' dir='ltr'><strong>qui</strong></span> <span class='ocrx_word' id='word_1_215' title='bbox 554 2823 707 2896; x_wconf 83' lang='lat' dir='ltr'><strong>scurriles</strong></span> <span class='ocrx_word' id='word_1_216' title='bbox 726 2841 820 2912; x_wconf 85' lang='lat' dir='ltr'><strong>sunt,</strong></span> <span class='ocrx_word' id='word_1_217' title='bbox 838 2827 958 2896; x_wconf 90' lang='lat' dir='ltr'><strong>urbani</strong></span> <span class='ocrx_word' id='word_1_218' title='bbox 972 2829 1070 2897; x_wconf 88' lang='lat' dir='ltr'><strong>etiam</strong></span> <span class='ocrx_word' id='word_1_219' title='bbox 1086 2828 1247 2897; x_wconf 84' lang='lat' dir='ltr'><strong>dicantur.</strong></span> <span class='ocrx_word' id='word_1_220' title='bbox 1262 2828 1369 2897; x_wconf 88' lang='lat' dir='ltr'><strong>Addit</strong></span> 
     </span>
     <span class='ocr_line' id='line_1_25' title="bbox 295 2930 1369 3028; baseline 0.001 -28"><span class='ocrx_word' id='word_1_221' title='bbox 295 2945 425 3016; x_wconf 88' lang='lat' dir='ltr'><strong>autem,</strong></span> <span class='ocrx_word' id='word_1_222' title='bbox 446 2930 537 3026; x_wconf 92' lang='lat' dir='ltr'><strong>quod</strong></span> <span class='ocrx_word' id='word_1_223' title='bbox 556 2947 706 3026; x_wconf 86' lang='lat' dir='ltr'><strong>spectare</strong></span> <span class='ocrx_word' id='word_1_224' title='bbox 721 2932 792 3004; x_wconf 91' lang='lat' dir='ltr'><strong>huc</strong></span> <span class='ocrx_word' id='word_1_225' title='bbox 812 2935 949 3028; x_wconf 91' lang='lat' dir='ltr'><strong>propius</strong></span> <span class='ocrx_word' id='word_1_226' title='bbox 969 2934 1125 3004; x_wconf 82' lang='lat' dir='ltr'><strong>videtur:</strong></span> <span class='ocrx_word' id='word_1_227' title='bbox 1149 2936 1369 3004; x_wconf 77' lang='lat' dir='ltr'><strong>«Discrimen</strong></span> 
     </span>
     <span class='ocr_line' id='line_1_26' title="bbox 295 3038 1370 3134; baseline 0.003 -29"><span class='ocrx_word' id='word_1_228' title='bbox 295 3061 376 3106; x_wconf 85' lang='lat' dir='ltr'><strong>vcro</strong></span> <span class='ocrx_word' id='word_1_229' title='bbox 395 3063 436 3106; x_wconf 85' lang='lat' dir='ltr'><strong>ex</strong></span> <span class='ocrx_word' id='word_1_230' title='bbox 453 3038 597 3132; x_wconf 78' lang='lat' dir='ltr'><strong>Antiqua</strong></span> <span class='ocrx_word' id='word_1_231' title='bbox 618 3039 791 3108; x_wconf 77' lang='lat' dir='ltr'><strong>Comoedia</strong></span> <span class='ocrx_word' id='word_1_232' title='bbox 813 3054 953 3134; x_wconf 85' lang='lat' dir='ltr'><strong>apparet</strong></span> <span class='ocrx_word' id='word_1_233' title='bbox 970 3055 1004 3109; x_wconf 89' lang='lat' dir='ltr'><strong>et</strong></span> <span class='ocrx_word' id='word_1_234' title='bbox 1022 3043 1137 3129; x_wconf 82' lang='lat' dir='ltr'><strong>Nova3</strong></span> <span class='ocrx_word' id='word_1_235' title='bbox 1158 3065 1235 3108; x_wconf 87' lang='lat' dir='ltr'><strong>nam</strong></span> <span class='ocrx_word' id='word_1_236' title='bbox 1254 3043 1288 3108; x_wconf 93' lang='lat' dir='ltr'><strong>in</strong></span> <span class='ocrx_word' id='word_1_237' title='bbox 1310 3039 1370 3109; x_wconf 90' lang='lat' dir='ltr'><strong>illa</strong></span> 
     </span>
     <span class='ocr_line' id='line_1_27' title="bbox 296 3143 1368 3243; baseline 0.003 -30"><span class='ocrx_word' id='word_1_238' title='bbox 296 3144 328 3213; x_wconf 94' lang='lat' dir='ltr'><strong>id</strong></span> <span class='ocrx_word' id='word_1_239' title='bbox 342 3144 433 3240; x_wconf 91' lang='lat' dir='ltr'><strong>quod</strong></span> <span class='ocrx_word' id='word_1_240' title='bbox 446 3143 658 3230; x_wconf 87' lang='lat' dir='ltr'><strong>obscoenum,</strong></span> <span class='ocrx_word' id='word_1_241' title='bbox 673 3146 708 3213; x_wconf 92' lang='lat' dir='ltr'><strong>in</strong></span> <span class='ocrx_word' id='word_1_242' title='bbox 724 3145 787 3214; x_wconf 90' lang='lat' dir='ltr'><strong>hac</strong></span> <span class='ocrx_word' id='word_1_243' title='bbox 804 3161 932 3230; x_wconf 83' lang='lat' dir='ltr'><strong>autem,</strong></span> <span class='ocrx_word' id='word_1_244' title='bbox 947 3147 1038 3241; x_wconf 90' lang='lat' dir='ltr'><strong>quod</strong></span> <span class='ocrx_word' id='word_1_245' title='bbox 1055 3149 1273 3243; x_wconf 78' lang='lat' dir='ltr'><strong>suspicionem</strong></span> <span class='ocrx_word' id='word_1_246' title='bbox 1292 3143 1368 3216; x_wconf 84' lang='lat' dir='ltr'><strong>tan·</strong></span> 
     </span>
     <span class='ocr_line' id='line_1_28' title="bbox 297 3251 1369 3348; baseline 0.001 -29"><span class='ocrx_word' id='word_1_247' title='bbox 297 3267 369 3320; x_wconf 94' lang='lat' dir='ltr'><strong>tum</strong></span> <span class='ocrx_word' id='word_1_248' title='bbox 387 3251 457 3344; x_wconf 88' lang='lat' dir='ltr'><strong>ejus</strong></span> <span class='ocrx_word' id='word_1_249' title='bbox 472 3264 599 3335; x_wconf 86' lang='lat' dir='ltr'><strong>movet,</strong></span> <span class='ocrx_word' id='word_1_250' title='bbox 613 3251 716 3320; x_wconf 91' lang='lat' dir='ltr'><strong>risum</strong></span> <span class='ocrx_word' id='word_1_251' title='bbox 734 3275 867 3346; x_wconf 91' lang='lat' dir='ltr'><strong>quoque</strong></span> <span class='ocrx_word' id='word_1_252' title='bbox 882 3255 1055 3347; x_wconf 78' lang='lat' dir='ltr'><strong>exprimit3</strong></span> <span class='ocrx_word' id='word_1_253' title='bbox 1074 3279 1147 3348; x_wconf 78' lang='lat' dir='ltr'><strong>quae</strong></span> <span class='ocrx_word' id='word_1_254' title='bbox 1163 3279 1231 3322; x_wconf 92' lang='lat' dir='ltr'><strong>non</strong></span> <span class='ocrx_word' id='word_1_255' title='bbox 1247 3277 1369 3348; x_wconf 86' lang='lat' dir='ltr'><strong>parum</strong></span> 
     </span>
     <span class='ocr_line' id='line_1_29' title="bbox 297 3356 1372 3456; baseline 0.002 -28"><span class='ocrx_word' id='word_1_256' title='bbox 297 3357 458 3428; x_wconf 85' lang='lat' dir='ltr'><strong>differunt</strong></span> <span class='ocrx_word' id='word_1_257' title='bbox 475 3356 518 3426; x_wconf 83' lang='lat' dir='ltr'><strong>ad</strong></span> <span class='ocrx_word' id='word_1_258' title='bbox 534 3371 753 3426; x_wconf 85' lang='lat' dir='ltr'><strong>venustatem.</strong></span> <span class='ocrx_word' id='word_1_259' title='bbox 765 3387 782 3422; x_wconf 77' lang='lat' dir='ltr'><strong>r</strong></span> <span class='ocrx_word' id='word_1_260' title='bbox 804 3358 896 3429; x_wconf 91' lang='lat' dir='ltr'><strong>ldem</strong></span> <span class='ocrx_word' id='word_1_261' title='bbox 916 3360 958 3428; x_wconf 91' lang='lat' dir='ltr'><strong>de</strong></span> <span class='ocrx_word' id='word_1_262' title='bbox 977 3359 1103 3430; x_wconf 87' lang='lat' dir='ltr'><strong>cavillis</strong></span> <span class='ocrx_word' id='word_1_263' title='bbox 1120 3379 1255 3456; x_wconf 84' lang='lat' dir='ltr'><strong>&#39;quoque</strong></span> <span class='ocrx_word' id='word_1_264' title='bbox 1275 3360 1372 3430; x_wconf 87' lang='lat' dir='ltr'><strong>addit</strong></span> 
     </span>
     <span class='ocr_line' id='line_1_30' title="bbox 297 3463 1374 3561; baseline 0.001 -27"><span class='ocrx_word' id='word_1_265' title='bbox 297 3479 333 3534; x_wconf 91' lang='lat' dir='ltr'><strong>et</strong></span> <span class='ocrx_word' id='word_1_266' title='bbox 346 3465 512 3535; x_wconf 89' lang='lat' dir='ltr'><strong>conviciis.</strong></span> <span class='ocrx_word' id='word_1_267' title='bbox 523 3463 652 3553; x_wconf 88' lang='lat' dir='ltr'><strong>Quibus</strong></span> <span class='ocrx_word' id='word_1_268' title='bbox 666 3463 862 3534; x_wconf 83' lang='lat' dir='ltr'><strong>abstinuisse</strong></span> <span class='ocrx_word' id='word_1_269' title='bbox 875 3463 1029 3535; x_wconf 83' lang='lat' dir='ltr'><strong>Plautum</strong></span> <span class='ocrx_word' id='word_1_270' title='bbox 1046 3481 1187 3556; x_wconf 89' lang='lat' dir='ltr'><strong>constat,</strong></span> <span class='ocrx_word' id='word_1_271' title='bbox 1197 3491 1299 3561; x_wconf 90' lang='lat' dir='ltr'><strong>quum</strong></span> <span class='ocrx_word' id='word_1_272' title='bbox 1314 3467 1374 3535; x_wconf 73' lang='lat' dir='ltr'><strong>0b=</strong></span> 
     </span>
     <span class='ocr_line' id='line_1_31' title="bbox 299 3571 1374 3668; baseline 0.002 -28"><span class='ocrx_word' id='word_1_273' title='bbox 299 3573 478 3650; x_wconf 55' lang='lat' dir='ltr'><strong>scoenitate,</strong></span> <span class='ocrx_word' id='word_1_274' title='bbox 497 3571 621 3639; x_wconf 89' lang='lat' dir='ltr'><strong>nemini</strong></span> <span class='ocrx_word' id='word_1_275' title='bbox 643 3571 814 3640; x_wconf 85' lang='lat' dir='ltr'><strong>concedat.</strong></span> <span class='ocrx_word' id='word_1_276' title='bbox 833 3571 941 3664; x_wconf 87' lang='lat' dir='ltr'><strong>Hujus</strong></span> <span class='ocrx_word' id='word_1_277' title='bbox 956 3588 1073 3643; x_wconf 83' lang='lat' dir='ltr'><strong>autem</strong></span> <span class='ocrx_word' id='word_1_278' title='bbox 1096 3576 1130 3642; x_wconf 93' lang='lat' dir='ltr'><strong>in</strong></span> <span class='ocrx_word' id='word_1_279' title='bbox 1158 3588 1299 3668; x_wconf 87' lang='lat' dir='ltr'><strong>utroque</strong></span> <span class='ocrx_word' id='word_1_280' title='bbox 1328 3599 1374 3642; x_wconf 85' lang='lat' dir='ltr'><strong>ex</strong></span> 
     </span>
     <span class='ocr_line' id='line_1_32' title="bbox 300 3675 1373 3775; baseline 0.005 -30"><span class='ocrx_word' id='word_1_281' title='bbox 300 3677 484 3746; x_wconf 84' lang='lat' dir='ltr'><strong>Aristotelis</strong></span> <span class='ocrx_word' id='word_1_282' title='bbox 498 3675 624 3768; x_wconf 86' lang='lat' dir='ltr'><strong>judicio</strong></span> <span class='ocrx_word' id='word_1_283' title='bbox 644 3676 819 3747; x_wconf 88' lang='lat' dir='ltr'><strong>discrimen</strong></span> <span class='ocrx_word' id='word_1_284' title='bbox 842 3677 1023 3750; x_wconf 82' lang='lat' dir='ltr'><strong>videamus.</strong></span> <span class='ocrx_word' id='word_1_285' title='bbox 1038 3680 1176 3774; x_wconf 82' lang='lat' dir='ltr'><strong>Byrrhia</strong></span> <span class='ocrx_word' id='word_1_286' title='bbox 1197 3679 1286 3775; x_wconf 81' lang='lat' dir='ltr'><strong>apud</strong></span> <span class='ocrx_word' id='word_1_287' title='bbox 1307 3681 1373 3750; x_wconf 88' lang='lat' dir='ltr'><strong>Te·</strong></span> 
     </span>
     <span class='ocr_line' id='line_1_33' title="bbox 302 3782 679 3864; baseline -0.005 -12"><span class='ocrx_word' id='word_1_288' title='bbox 302 3784 462 3864; x_wconf 83' lang='lat' dir='ltr'><strong>rentium,</strong></span> <span class='ocrx_word' id='word_1_289' title='bbox 481 3785 516 3851; x_wconf 92' lang='lat' dir='ltr'><strong>in</strong></span> <span class='ocrx_word' id='word_1_290' title='bbox 534 3782 679 3852; x_wconf 84' lang='lat' dir='ltr'><strong>Andria:</strong></span> 
     </span>
    </p>
   </div>
   <div class='ocr_carea' id='block_1_5' title="bbox 442 3998 1030 4076">
    <p class='ocr_par' dir='ltr' id='par_1_5' title="bbox 442 3998 1030 4076">
     <span class='ocr_line' id='line_1_34' title="bbox 442 3998 1030 4076; baseline 0 -16"><span class='ocrx_word' id='word_1_291' title='bbox 442 4003 503 4076; x_wconf 74' lang='lat' dir='ltr'><strong>Ego</strong></span> <span class='ocrx_word' id='word_1_292' title='bbox 515 3998 592 4058; x_wconf 83' lang='lat' dir='ltr'><strong>illam</strong></span> <span class='ocrx_word' id='word_1_293' title='bbox 606 3999 665 4058; x_wconf 78' lang='lat' dir='ltr'><strong>ridi</strong></span> <span class='ocrx_word' id='word_1_294' title='bbox 677 4000 832 4075; x_wconf 78' lang='lat' dir='ltr'><strong>virginem:</strong></span> <span class='ocrx_word' id='word_1_295' title='bbox 846 4002 939 4060; x_wconf 78' lang='lat' dir='ltr'><strong>[orma</strong></span> <span class='ocrx_word' id='word_1_296' title='bbox 951 4000 1030 4060; x_wconf 86' lang='lat' dir='ltr'><strong>bona</strong></span> 
     </span>
    </p>
   </div>
   <div class='ocr_carea' id='block_1_6' title="bbox 0 0 1498 4858">
    <p class='ocr_par' dir='ltr' id='par_1_6' title="bbox 0 0 1498 4858">
     <span class='ocr_line' id='line_1_35' title="bbox 0 0 1498 4858; baseline 0 0"><span class='ocrx_word' id='word_1_297' title='bbox 0 0 1498 4858; x_wconf 95' lang='lat' dir='ltr'><strong> </strong></span> 
     </span>
    </p>
   </div>
  </div>
 </body>
</html>
