2928 4856
295 390 370 476 2ss,
514 390 696 459 runnu
724 390 985 460 rnnnnmr
1014 393 1135 460 arni

294 524 458 592 Istuccine
477 523 687 604 interminata
704 547 777 592 sum
798 523 878 592 hinc
897 524 1010 593 abiens
1028 521 1107 592 ubit
1192 525 1200 534 ”

293 633 402 698 Prin.
422 627 514 717 Quid
529 627 697 698 facerem?
714 633 767 699 Ita
786 644 823 697 ut
843 645 880 698 tu
895 631 995 724 justi,
1013 631 1073 700 soli
1092 631 1215 701 credita
1228 635 1272 700 'st
1318 636 1370 722 'aa'

292 740 380 805 Tus.
395 733 554 819 Scelesta,
570 757 669 804 ovem
688 735 768 830 lupo
787 738 988 806 commisisti.
1006 738 1191 831 Dispudet,

270 857 272 860 ’
294 845 346 912 Sic
362 842 442 910 mibi
457 841 534 910 data
549 865 620 910 esse
633 841 746 911 verba.
765 843 856 932 Quid
869 841 947 912 illuc
961 843 1105 912 hominis
1119 844 1189 914 est?

294 952 403 1018 Pura.
421 951 511 1018 Hera
524 971 617 1034 mea,
632 963 720 1036 tace;
735 963 825 1034 tace,
841 949 999 1035 obsecr03
1013 948 1111 1018 salvae
1125 975 1252 1020 sumus:
1326 957 1330 964 ’

294 1053 463 1124 Habemus
486 1055 655 1123 bominem
675 1059 793 1149 ipsum.
811 1058 900 1125 Tam.
916 1057 983 1125 Ubi
1000 1059 1028 1126 is
1053 1052 1115 1125 est!
1136 1053 1241 1127 Pmn.
1261 1055 1357 1127 Heml

454 1160 506 1228 Ad
527 1163 708 1231 sinistram:
783 1176 787 1189 '

294 1347 419 1398 mismurn
435 1345 480 1398 hic
492 1343 590 1397 dicitur
601 1363 666 1415 pro,
684 1363 716 1398 eo
735 1345 807 1418 quod
853 1349 908 1417 ejus
918 1344 952 1398 ad
959 1364 1051 1400 vocem
1060 1346 1105 1407 dis,
1114 1347 1171 1400 scil.
1180 1348 1284 1402 testibus
1293 1362 1359 1402 utor.

295 1444 412 1478 amorem
425 1425 574 1478 insecutum
587 1425 708 1476 est-Id
715 1423 809 1496 opinor.
851 1425 1002 1479 —Scelesta
1009 1446 1082 1490 ovem,
1088 1440 1138 1480 etc.
1146 1427 1317 1482 proverbium
1324 1441 1361 1482 est

296 1503 384 1558 Credo
402 1504 522 1567 inesse,
537 1521 591 1568 sc.,
611 1505 647 1556 ob
666 1502 694 1556 id
712 1506 808 1577 virgin.
851 1526 916 1558 ovem
930 1507 986 1576 lupo
1005 1508 1163 1571 committere,
1179 1506 1251 1578 quod
1268 1507 1298 1560 in
1318 1527 1361 1561 eos

294 1583 520 1652 luerim—Quid
537 1589 592 1646 ais,
610 1602 659 1655 per
677 1585 806 1638 exclama·
853 1587 938 1651 valet,
951 1585 1049 1656 quibus
1062 1604 1157 1657 parum
1167 1586 1299 1659 tutoquid
1310 1607 1360 1640 scr·

296 1665 395 1717 tionem
416 1660 593 1733 indignantis,
616 1663 708 1734 potius
728 1684 809 1736 quam
852 1664 969 1718 vandum
986 1667 1172 1719 committitur.
1184 1666 1278 1720 Itidem
1292 1668 1362 1721 Cice·

296 1763 345 1820 per
359 1744 602 1814 interrogationem.
852 1764 897 1809 ro,
911 1745 982 1798 Phil.
996 1745 1053 1809 Ill,
1068 1765 1112 1811 ¹¹3
1127 1758 1153 1798 et
1167 1765 1313 1816 graecorum
1324 1762 1360 1801 est

334 1825 399 1893 ⁸²9·
408 1823 531 1875 Istuccine.
546 1821 680 1894 Antesign.
695 1823 808 1875 Istucine.
852 1831 887 1894 τῷ
897 1831 961 1895 tortu
971 1825 1015 1880 τήν
1026 1825 1241 1896 dim—Dispudet,
1251 1827 1309 1880 sub.
1319 1845 1359 1878 me.

295 1904 374 1957 Both.
385 1904 661 1964 Istucrre.-Istuccine;
674 1915 722 1954 etc.
734 1901 809 1954 Non·
894 1906 960 1958 832.
979 1905 1050 1973 Quid
1063 1905 1121 1958 illuc
1134 1906 1234 1958 domitus
1246 1915 1304 1957 estr’
1322 1905 1361 1959 sic

293 2003 328 2036 ne
344 2002 392 2055 ego
407 1983 470 2035 hinc
482 1983 579 2044 abiens,
594 1981 645 2034 tibi
662 1980 733 2034 edixi
747 2000 809 2034 cum
852 1983 931 2037 Botis.
949 1985 1077 2037 Perletns.
1099 1985 1178 2055 Valp.
1197 2005 1220 2058 q.
1240 1987 1290 2038 illic
1304 1987 1360 2038 hom.

297 2063 376 2117 minis
385 2067 460 2126 istuc,
473 2059 564 2126 idest,
576 2059 603 2112 id
616 2059 692 2133 quod
703 2074 731 2114 tu
744 2059 810 2114 dicis
852 2075 895 2116 est.
909 2065 962 2117 tilii
973 2084 996 2135 q.
1010 2065 1035 2114 li·
1048 2065 1099 2116 illic
1108 2085 1129 2118 e.
1138 2067 1240 2118 Faerno
1250 2085 1304 2119 non
1313 2064 1361 2118 dis·

295 2143 435 2211 deiecisse,
451 2161 501 2214 per
510 2141 695 2213 negligentiam
705 2154 750 2194 ant
760 2141 807 2194 ab·
853 2143 963 2214 pliceret
977 2144 1046 2196 illud.
1061 2144 1124 2197 Haec
1138 2157 1226 2198 autem
1239 2168 1264 2216 q.
1277 2151 1295 2199 i.
1306 2147 1331 2198 t.
1342 2167 1360 2197 e.

295 2225 404 2276 sentiam
429 2236 562 2287 vestram
581 2222 681 2274 scilicet
699 2223 810 2292 nequis
853 2215 1361 2294 daththiadiBoth—Quidillucbom,

296 2305 339 2356 vir
353 2301 387 2356 ad
402 2319 460 2355 eam
479 2301 571 2356 adiret.
591 2301 661 2354 Vide
675 2305 754 2373 sup'ra
770 2319 807 2353 vs.
852 2293 1013 2358 Dum'Thais
1023 2315 1049 2356 et
1057 2303 1208 2376 Pythiassie
1215 2303 1250 2358 de
1258 2306 1361 2377 virginis

300 2385 351 2446 504
373 2401 379 2434 :
402 2382 520 2444 :Ehem,
539 2381 636 2436 Curate
655 2381 730 2433 istam
748 2379 809 2432 dili·
852 2383 1000 2436 infortunio
1009 2384 1361 2457 colloquuntur,superveuit

297 2477 389 2532 genter
407 2462 537 2532 virginem
560 2479 567 2513 :
590 2461 670 2514 Domi
696 2472 727 2513 ut
752 2460 809 2513 sitis
852 2463 1188 2535 quidamlserathaerea
1202 2465 1361 2536 ipse‚adhuc

297 2543 381 2596 lacite.
397 2567 409 2588 »
852 2543 976 2596 Eunuchi
985 2557 1057 2596 veste
1067 2543 1188 2608 indutus,
1197 2545 1276 2598 sicuti
1289 2546 1361 2618 paulo

339 2623 403 2676 830.
422 2619 462 2671 Ito
476 2631 504 2672 ut
516 2631 541 2671 tu
547 2621 617 2688 justi.
631 2619 687 2672 MS.
699 2620 727 2672 in
738 2620 808 2672 Bibl.
851 2637 912 2694 post
926 2619 1168 2695 cognoscitur.'At,
1186 2643 1232 2678 seu
1256 2639 1362 2697 propter

197 2697 205 2714 ⁸
297 2703 361 2774 Reg.
376 2701 436 2753 Par.
452 2713 480 2751 ut
493 2711 518 2750 tu
526 2701 628 2770 jussisti.
644 2700 741 2770 Delph.
746 2701 812 2770 justi
852 2704 1041 2768 turbationem,
1063 2703 1116 2755 sive
1129 2705 1165 2756 ob
1185 2703 1360 2778 longinquita-

296 2785 351 2834 sine
367 2794 402 2833 tu.
417 2781 461 2831 Br.
473 2782 568 2851 jussisti
580 2781 636 2831 sine
648 2791 682 2830 tu.
691 2811 732 2822 -
741 2779 811 2848 Quid
852 2795 981 2850 tem,non
993 2783 1110 2853 agnoscit
1119 2783 1202 2836 Thais
1213 2785 1261 2856 qui
1274 2787 1315 2839 vir
1324 2787 1359 2840 sit.

293 2865 398 2929 facetum
408 2901 415 2924 ,
426 2878 477 2931 pro
488 2898 496 2924 ‚
506 2859 566 2932 quid
571 2861 688 2926 fecissem.
700 2892 738 2901 —
746 2857 806 2922 Soli,
851 2861 913 2915 licet
926 2863 980 2915 oris
991 2862 1118 2933 speciem,
1130 2877 1155 2916 et
1166 2864 1285 2918 eunuchi
1294 2865 1362 2918 vesti·

298 2943 336 2994 illi
351 2941 417 3005 soli,
429 2938 483 2991 scil.
497 2939 612 2992 Chaereae
625 2939 671 3010 qui
683 2939 807 2992 Eunuchi
852 2953 972 2994 mentum
988 2944 1042 3014 jam
1061 2953 1136 2995 antea
1149 2941 1269 3002 viderat,
1286 2963 1360 3017 quum

297 3022 413 3091 speciem
431 3019 545 3090 gerebat.
568 3017 639 3071 Vide
658 3037 753 3089 supra,
769 3039 806 3072 vs.
850 3019 1048 3094 primumdono
1060 3023 1158 3094 recepit
1172 3023 1270 3076 salsum
1288 3043 1361 3078 eunu-

299 3103 373 3178 578,
382 3127 393 3146 ι
403 3111 432 3151 ut
440 3117 560 3151 maneam
572 3099 642 3151 solus
653 3117 713 3150 curn
723 3099 803 3153 sola.»
851 3102 940 3154 chum.

338 3179 404 3234 831.
426 3179 500 3230 Ovem
517 3179 580 3248 lupo.
595 3177 647 3231 Alii
663 3179 719 3248 lupo
735 3199 807 3232 oreta.
894 3179 961 3236 833.
985 3181 1054 3234 Hera
1074 3201 1126 3234 mea
1143 3182 1220 3236 Leid.
1244 3203 1329 3250 unus,
1348 3205 1361 3235 c

296 3295 335 3306 —·
347 3261 499 3314 Commisisti.
514 3257 557 3312 Sic
571 3258 704 3329 Antcsign.
724 3260 806 3314 Zeun.
851 3261 908 3312 isera
922 3263 1117 3334 mea.-Bip.et
1127 3263 1200 3334 Lips.
1213 3266 1297 3317 semel
1307 3278 1360 3316 tore.

296 3343 376 3412 Valp.
391 3339 458 3391 Perl.
474 3338 551 3391 Both.
571 3337 806 3403 commisi-Quod
851 3340 905 3392 Alii
919 3342 1112 3411 geminant—
1124 3343 1193 3395 Herc
1211 3364 1282 3405 mea,
1297 3357 1361 3404 tem

297 3423 387 3494 legisse
406 3421 540 3471 Donatum
558 3431 647 3490 putes,
662 3417 806 3489 siquidem,
850 3433 916 3484 tace,
931 3421 1035 3473 obsecro.
1058 3423 1136 3484 Tace,
1161 3442 1216 3475 non
1229 3424 1361 3476 silentium

297 3503 399 3574 inquit,
420 3511 490 3551 recte
512 3499 534 3550 is
548 3498 660 3550 verbum
678 3498 733 3568 lupo
755 3517 804 3569 pro
849 3497 991 3553 indicentis
1004 3513 1056 3566 est,
1071 3501 1118 3554 sed
1130 3519 1254 3556 securum
1270 3505 1362 3558 facien·

295 3581 417 3634 convicio
443 3577 590 3649 accipiebat
615 3597 669 3630 non
690 3578 805 3632 cheros
850 3580 900 3634 tis:
917 3593 947 3632 ut
965 3579 1078 3653 Adelph.
1100 3601 1137 3634 vs.
1162 3601 1234 3634 210:
1252 3611 1263 3630 ι
1282 3587 1359 3644 Tace,

295 3664 365 3715 sacto
389 3657 436 3712 sed
462 3657 571 3710 ancillis.
600 3658 697 3710 Dolum
726 3659 807 3728 igitur
852 3673 955 3732 egomet
966 3663 1122 3714 conveniam
1130 3665 1185 3735 jam
1200 3663 1324 3734 ipsum.»

296 3736 808 3810 huncancillaeputatThaiscumChae·
901 3741 967 3804 834.
995 3741 1119 3794 Habemus
1141 3744 1259 3794 bominem
1281 3748 1362 3816 ipsum.

295 3841 339 3874 rea
346 3820 532 3890 compositum;
542 3837 600 3889 quae
607 3817 722 3888 suspicio
729 3817 808 3890 digna
852 3819 930 3872 Both.
946 3819 998 3874 dat.
1014 3821 1140 3874 Hominem
1153 3826 1229 3892 ipsum
1243 3823 1362 3876 bohemis.

296 3899 475 3962 meretriceet
484 3897 627 3951 mereuicis
641 3897 807 3950 famula.·-
852 3931 892 3940 --
902 3903 948 3953 Aa
958 3905 1086 3954 sinistram.
1102 3904 1176 3954 Bent·
1190 3903 1273 3956 Both.
1287 3907 1324 3956 cd
1334 3907 1361 3955 si·

297 3981 424 4052 Dispudet.
437 3977 480 4032 Br.
495 3979 544 4038 dis,
556 3977 632 4048 pudet
637 3999 646 4040 ;
659 3989 684 4029 et
696 3997 756 4029 eum
771 3977 807 4030 sic
853 3985 973 4034 alsteram.
984 3980 1085 4034 Dividit
1097 3981 1192 4052 Delph.
1205 3983 1243 4036 sic
1255 4001 1262 4034 :
1273 4003 1359 4041 summ,

296 4059 463 4114 deindustria
471 4057 573 4112 dedisse
581 4071 716 4112 corinetes
726 4059 809 4127 glossa
854 4061 977 4116 hommem.
990 4061 1055 4114 Hab.
1067 4067 1150 4132 ipsum.
1165 4061 1195 4115 U.
1208 4065 1228 4114 is
1238 4076 1274 4115 est
1280 4071 1295 4114 r
1302 4065 1360 4116 Ilem
