2996 4852
388 417 555 488 natur.
582 419 690 488 aer
719 362 778 503 Π,
806 415 868 482 sc.
897 413 971 480 111.
1131 408 1204 506 367

404 639 628 730 SCENA
659 637 939 726 TERTIA.

239 851 441 921 BACCHIS.
469 851 725 920 ANTIPHILA.
754 847 923 920 CLINIA.
952 847 1106 916 SYRUS.

398 983 545 1054 GREX
581 980 947 1052 ANCILLARUM.

188 1199 271 1266 Bac.
288 1193 429 1292 AEdepol
448 1209 502 1284 te,
521 1219 596 1266 mea
614 1191 799 1290 Antiphila,
817 1191 932 1277 laudo,
953 1208 988 1262 et
1005 1191 1206 1263 fortunatam

288 1299 421 1397 judico,

134 1408 175 1479 ld
191 1435 295 1505 quum
314 1410 482 1497 studuisti,
494 1409 548 1479 isti
567 1407 682 1479 formae
699 1423 736 1477 ut
753 1433 861 1478 mores
879 1403 1064 1477 consimiles
1081 1406 1205 1491 forent,

134 1505 357 1611 Minimeque,
379 1520 424 1587 ita
442 1535 501 1585 me·
520 1515 565 1587 Di
590 1529 719 1604 ament,
734 1516 858 1602 miror,
880 1515 906 1584 si
924 1527 958 1583 te
980 1514 1043 1584 sibi
1067 1515 1208 1610 quisque

294 1625 429 1718 expetit.

134 1730 222 1800 Nam
237 1729 339 1819 mihi,
357 1728 454 1825 quale
471 1728 641 1825 ingenium
658 1727 818 1814 haberes,
833 1725 896 1796 fuit
915 1725 1038 1797 indicio
1054 1729 1172 1797 o'ratio.

132 1839 176 1906 Et
189 1862 292 1932 quum
307 1851 440 1932 egomet
454 1860 544 1906 nunc
561 1860 692 1905 mecum
708 1837 744 1904 in
765 1836 876 1903 animo
894 1835 996 1903 vitam
1016 1848 1107 1904 tuam
1124 1860 1205 1904 con·

292 1942 419 2028 sidero,
1167 1969 1207 2008 sss

133 2049 360 2144 Omniumque
376 2049 459 2118 adeo
473 2045 802 2142 vestrarum,vulgus
813 2071 886 2142 quoe
899 2046 941 2114 ab
963 2069 997 2116 se
1013 2061 1205 2142 segregant3
1235 2135 1241 2152 ,

175 2251 240 2311 382.
265 2257 346 2328 Quum
361 2255 426 2310 stud.
441 2255 525 2311 Guelf
536 2275 567 2319 a,
591 2257 647 2308 dum
689 2251 1111 2328 possintsustentaredecrepitam
1118 2273 1148 2308 ac
1157 2254 1208 2307 mi·

133 2346 164 2387 st.
186 2368 227 2379 -
251 2335 304 2389 Isti.
331 2337 444 2391 Bothins
467 2335 512 2388 illi.
538 2335 647 2389 Omittit
689 2354 773 2389 seram
784 2347 951 2388 senectutem.
962 2335 1091 2406 Eugrapla.
1104 2337 1206 2387 -At-

61 2403 66 2412 ⁸
133 2413 222 2470 Guelf.
241 2435 266 2469 1.
281 2447 321 2459 -
336 2419 425 2489 Quom.
440 2415 559 2488 intellige
573 2415 648 2488 quasi
690 2428 778 2469 tamen
796 2415 884 2468 oratio
899 2414 954 2467 haec
971 2415 1131 2482 meretricis,
1144 2415 1207 2488 quia

132 2507 212 2554 esset,
236 2501 308 2569 quia,
334 2509 477 2570 propterea
501 2493 583 2569 quod.
607 2526 647 2536 -
689 2494 723 2548 ad
741 2495 879 2548 honestam
895 2505 922 2547 et
934 2491 1060 2566 pudicam
1074 2495 1204 2566 virginem

130 2570 270 2642 Sadame,
298 2578 374 2629 omni
400 2575 486 2630 studio
513 2575 646 2629 curavisti.
690 2575 740 2632 lit,
762 2575 863 2628 nullam
880 2574 959 2627 habet
974 2575 1107 2628 licentiam
1119 2593 1205 2628 mere·

130 2657 330 2722 -Ists'sormee
351 2653 397 2709 Isti
413 2654 608 2728 pulchritudini
622 2665 649 2707 et
690 2655 812 2708 triciens:
835 2653 880 2708 sed
899 2653 1004 2726 potius,
1025 2653 1116 2708 laudat
1139 2673 1204 2709 con-

130 2735 260 2790 venustati
275 2736 396 2807 corporis
409 2755 467 2806 quse
483 2748 522 2789 est
540 2746 593 2788 tua.
607 2765 647 2777 -
686 2735 789 2806 jugium
801 2746 829 2787 et
839 2748 1021 2787 matronarum
1031 2735 1164 2788 virtutem.

133 2815 212 2868 Mores
232 2817 365 2869 consimiles
383 2817 475 2882 sorsat.
498 2814 647 2868 Menander
731 2815 799 2868 383.
833 2816 948 2886 Quisque.
968 2815 1002 2866 In
1031 2813 1106 2867 libris
1129 2833 1204 2868 non·

131 2891 206 2966 apud
219 2893 362 2957 Stobaeum,
376 2885 445 2951 ὁταν
460 2897 529 2968 plion
543 2896 572 2947 τὸ
585 2895 646 2948 ια’).-
689 2893 770 2948 nullia
788 2904 828 2947 est
852 2898 985 2967 quisquam.
1014 2894 1203 2949 ProbatBoth.

131 2980 171 3034 >ae
186 2973 314 3044 ἰπικσσμιῖ
323 2977 412 3046 τρόπος
420 2969 647 3046 Χρηστὸςβιπλα-
688 2975 782 3026 -Ite
796 2993 832 3026 me
842 2975 883 3026 Dr‘
893 2986 980 3027 ament.
993 2975 1074 3046 Quasi
1089 2974 1205 3028 vividius

132 3053 333 3125 σὶωςὸπροσιὸν
349 3055 484 3108 ἁλίσκεται.
501 3052 566 3108 Itid.
580 3055 645 3109 fere.
689 3053 814 3109 affirmat.
833 3083 872 3098 -·
897 3053 979 3107 Miror
1004 3059 1034 3109 si.
1060 3056 1123 3108 Haec
1142 3074 1205 3126 syn-

132 3131 228 3204 Virgil.
245 3135 306 3186 AEn.
320 3133 356 3197 V,
372 3131 443 3200 344,
465 3161 477 3184 ι
489 3133 596 3187 Gratior
620 3147 647 3187 et
689 3135 756 3188 taxis
770 3135 867 3188 Nostro
881 3133 1033 3201 familiaris,
1056 3149 1086 3189 ut
1095 3137 1150 3207 jam
1165 3134 1203 3188 ci-

131 3211 247 3283 pulchro
258 3212 367 3266 veniens
376 3213 403 3266 iu
411 3215 642 3286 corporevirtus.·
688 3215 811 3268 tavimus.
829 3213 895 3268 Ead.
912 3233 1011 3286 graeca,
1034 3215 1151 3286 θαυμάζω
1170 3216 1199 3268 rt.

132 3291 366 3346 -Nevideantur
376 3292 526 3346 meretrices
534 3294 647 3365 injustas,
689 3311 730 3322 ··
745 3295 855 3365 Expetit.
873 3292 991 3348 Adnotat
1012 3295 1130 3349 Perletus
1151 3295 1204 3348 hoo

132 3369 254 3426 defensio
261 3385 340 3438 est,et
347 3371 420 3445 quasi
431 3374 517 3426 forma
525 3369 646 3444 quedam
689 3375 801 3427 verbum
814 3375 923 3445 proprie
939 3373 994 3427 dici
1011 3373 1045 3427 de
1060 3376 1139 3428 rebus
1152 3371 1203 3426 ho-

130 3450 175 3505 hic
194 3454 380 3507 controversiae
400 3453 559 3506 continetur.
586 3453 647 3504 Reae
689 3455 730 3508 nis
742 3464 769 3506 et
780 3454 903 3512 honestis,
918 3454 1008 3525 quales
1021 3467 1082 3508 sunt
1097 3471 1203 3517 uxores,

130 3533 203 3585 enim
224 3533 292 3586 liunt
315 3532 478 3598 meretrices,
503 3550 588 3604 quum
604 3531 647 3584 in·
689 3534 872 3605 virginesque,
888 3552 944 3586 nou
959 3534 1117 3600 meretrices.
1132 3532 1203 3587 Vide

128 3612 204 3682 juste
219 3625 280 3665 sunt
294 3612 457 3666 amatoribus
470 3611 539 3676 suis,
558 3623 585 3664 et
600 3609 646 3664 ad·
688 3631 767 3686 supra
781 3613 810 3666 in
823 3612 910 3666 Andr.
922 3617 986 3683 697.

130 3690 645 3765 verse,dumplurimompetuut.Quam
731 3693 797 3749 384.
812 3725 851 3735 —
863 3694 1004 3763 Ingenium,
1022 3711 1124 3760 mores,
1146 3694 1202 3747 ani-

130 3789 186 3824 rem
200 3791 316 3844 purgans
328 3773 462 3839 meretrix,
477 3769 647 3826 dicitsehoo
689 3791 773 3826 mum.
799 3803 838 3816 -
860 3773 956 3826 Oratio.
978 3767 1110 3845 Antiquos
1124 3775 1202 3828 etiarn

130 3849 204 3924 quod
213 3851 322 3916 faciunt,
336 3852 421 3905 facere
430 3852 593 3918 necessitate,
601 3870 646 3917 ue,
688 3871 773 3926 pauca
782 3855 911 3905 cretionem
922 3851 1015 3906 dixisse
1026 3853 1201 3924 notatCalplr.

131 3943 216 4001 quum
238 3944 298 3984 aetas
319 3932 427 3997 abierit,
443 3932 569 4007 exstincta
584 3931 647 4005 pul·
728 3927 796 3987 386.
809 3933 968 4008 Omniumque
980 3932 1203 3990 admouend-

131 4009 258 4065 claritudo
265 4007 422 4078 discesserit,
433 4011 523 4086 inopia
532 4025 647 4079 maneat,
688 4013 736 4085 ph.
753 4005 859 4085 adeoque
880 4027 1015 4068 vacarum
1034 4017 1144 4068 omnium.
1161 4047 1202 4059 -

130 4089 180 4144 nisi
199 4103 274 4145 antea
290 4091 458 4163 quaesiverint
468 4093 583 4159 lucrium,
591 4111 646 4165 quo
689 4094 777 4163 Adeo,
799 4093 887 4148 etiam.
912 4127 952 4138 --
978 4095 1092 4150 Omnium
1109 4108 1203 4148 vestra·
