3014 4872
302 405 352 453 ιιι
439 369 443 384 “
565 379 738 469 vrcroa
764 379 827 446 os
854 377 1105 448 cononum.

300 512 512 596 scriberetur,
528 533 591 580 nec
617 533 712 580 secus
732 509 851 580 eruditi
868 524 1018 580 veterum
1041 510 1172 582 codices
1195 511 1373 586 baberent.

301 625 389 692 Nam
403 621 560 690 Graecum
579 615 660 686 illud
681 610 832 710 κωμκῖζω,
848 616 1164 711 quemadmodumz
1190 617 1292 690 literae
1311 648 1375 692 na-

302 743 378 798 tura
395 724 573 807 desiderat,
588 721 712 820 duplici
726 747 762 792 ss
776 725 894 793 Latine
908 723 1042 818 quidem
1061 723 1253 812 adnotatur,
1272 729 1375 800 sicuti

300 826 706 927 priimamptutpposo
729 843 788 900 est.
811 832 863 900 Ita
882 821 1031 924 κωμῳδία
1049 833 1143 925 quasi
1161 825 1374 927 κωμαζωδία,

300 937 453 1018 videlicet
466 937 721 1007 comessantium
739 935 913 1006 hominum
933 934 1107 1006 cantilena.
1128 939 1214 1029 Quae
1232 944 1371 1012 Graeco-

300 1071 374 1116 rum
384 1059 419 1116 et
431 1044 556 1115 Donati
578 1043 740 1112 sententia
757 1044 900 1113 maxime
919 1040 1045 1140 placet;
1062 1069 1164 1140 quum
1183 1050 1369 1142 praesertim

297 1153 506 1223 doctissimus
523 1151 662 1245 quisquc
684 1147 838 1238 fateatur,
853 1151 888 1220 in
899 1151 1107 1245 Dionysiacis
1119 1156 1368 1226 comessationi-

297 1259 359 1330 bus
380 1259 414 1328 id
432 1281 535 1352 genus
558 1257 720 1351 poematis
738 1279 758 1326 a
782 1257 959 1326 Veteribus
979 1256 1080 1328 fuisse
1102 1258 1316 1330 celebratum.
1336 1264 1368 1331 Ii

296 1390 378 1436 vero
406 1364 487 1433 mibi
510 1361 602 1432 nullo
628 1376 727 1458 pacto
745 1360 886 1433 blandiri
905 1379 1061 1458 possunt,
1079 1367 1137 1460 qui
1158 1390 1281 1435 nomen
1300 1368 1368 1438 hoc

296 1473 361 1542 ἀπὸ
375 1481 437 1540 τῶν
452 1478 562 1564 κωμῶν
572 1469 723 1539 derivare
737 1469 961 1557 contendunt,
977 1471 1135 1565 quoniam
1146 1472 1367 1544 Athenienses

297 1568 410 1672 (apud
429 1601 513 1672 quos
526 1589 639 1645 natam
652 1573 742 1664 fere,
755 1590 790 1644 et
804 1591 937 1646 auctam
951 1601 1023 1646 esse
1040 1577 1249 1651 Comoediam
1266 1605 1366 1652 nemo

294 1675 456 1778 ambigit)
476 1673 592 1775 δήμους
618 1695 798 1769 vocarunt,
823 1706 898 1777 quar
933 1682 977 1752 ab
1003 1681 1074 1753 aliis
1103 1693 1205 1778 κῶμαι
1227 1685 1368 1758 fuissent

294 1788 477 1884 appellate.
498 1789 678 1857 Enimvero
695 1786 777 1856 illud
794 1811 900 1858 unum
918 1788 1000 1856 mihi
1021 1791 1190 1885 negotium
1210 1791 1304 1880 facit,
1321 1819 1367 1862 ne

296 1896 421 1968 seilicet
441 1898 584 1966 Comum
603 1895 666 1962 ἀπὸ
685 1901 747 1962 τῶν
761 1902 871 1977 κωμῶν
894 1895 1023 1966 Graecia
1040 1895 1182 1968 dixerit:
1205 1901 1366 1992 quemad·

295 2002 433 2073 modum
451 2000 595 2072 Romani
612 1997 839 2070 Fomacaliam
854 2002 992 2070 servatis
1008 2001 1051 2071 ab
1064 2003 1217 2074 incendio
1230 2003 1366 2076 coluere

294 2108 504 2196 fornacibus3
529 2121 564 2176 et
584 2105 753 2203 Robigum
767 2120 791 2193 ‚'
806 2107 875 2175 sive
901 2105 1120 2203 Rubiginem‚
1148 2125 1248 2206 atque
1282 2111 1365 2182 alios

294 2214 535 2310 complures‚a
553 2212 674 2308 quibus
689 2226 867 2308 praeessent
880 2213 979 2284 rebus
994 2214 1210 2310 appellavere.
1224 2220 1365 2288 Utcum-

294 2346 361 2417 que
378 2335 491 2390 tamen
509 2343 580 2389 sese
595 2343 648 2388 res
665 2319 803 2403 habeat,
815 2318 885 2413 περὶ
897 2320 935 2388 τὸ
950 2315 1099 2414 eupales
1119 2322 1279 2420 appellari
1300 2327 1364 2395 Co·

294 2427 450 2498 moediam
471 2424 627 2496 affirmo:
647 2426 826 2519 quoniam,
846 2427 906 2494 etsi
924 2425 993 2523 περὶ
1010 2425 1068 2507 τὰς
1078 2431 1183 2522 κώμας
1203 2429 1361 2500 dicaturd

294 2542 417 2628 κῶμος,
439 2545 551 2602 tamen
574 2527 619 2600 ab'
640 2555 681 2601 eo
708 2531 746 2600 τδ
769 2524 942 2624 sepultis,
970 2533 1059 2603 unde
1081 2527 1233 2629 κωμῳδία
1263 2541 1356 2632 quasi

293 2633 499 2734 κωμαζόντων
518 2629 582 2725 ᾠδὴ
601 2637 803 2707 nominatur.
824 2638 952 2708 Verum
975 2663 1017 2709 ex
1043 2641 1116 2738 ipso
1134 2643 1204 2737 jam
1224 2646 1359 2714 nominc

293 2746 401 2842 patuit
409 2767 560 2840 quaenam
571 2741 720 2814 delinitio
732 2745 836 2838 possit
844 2743 1024 2818 Comoediae
1032 2751 1227 2838 convenire,
1241 2775 1359 2846 poema

292 2851 417 2924 scilicet
436 2848 661 2921 demulcendis
684 2850 858 2920 hominum
880 2853 1066 2942 mentibus,
1090 2857 1358 2953 excutiendisque

291 2958 500 3054 potissimum
521 2957 690 3027 cachinnis
708 2956 1007 3028 accommodatum.
1025 2963 1100 3032 Hoc
1118 2963 1226 3032 innuit
1245 2965 1358 3058 Virgi-

292 3064 371 3152 lius,
389 3078 424 3132 et
438 3063 483 3132 illi
508 3065 723 3152 Graecorum‚
741 3065 798 3158 qui
812 3064 945 3133 Θαλκιαν
967 3068 1101 3137 Musam
1123 3071 1268 3140 Comicis
1281 3095 1359 3164 pre

291 3171 398 3242 sidere
411 3170 621 3257 cecinerunt3
637 3195 710 3264 quae
725 3169 868 3256 scilicet,
883 3170 1006 3242 festivis
1017 3172 1183 3269 pullulans
1190 3174 1296 3269 jocis,
1315 3178 1357 3245 ad

291 3278 393 3348 risum
411 3299 516 3372 usque
534 3273 684 3348 delectet.
703 3279 777 3346 Hoc
797 3279 896 3346 etiam
909 3278 1103 3350 Aristoteles
1116 3281 1357 3377 comprobavit,

291 3384 459 3479 inquiens,
476 3381 567 3476 quod
588 3384 622 3452 in
642 3382 847 3478 turpitudine
874 3383 1050 3455 ridiculum
1069 3402 1132 3473 est,
1150 3388 1355 3459 Comoediam

290 3491 422 3560 imitari.
441 3488 722 3584 Quandoquidem
736 3488 819 3558 illud
830 3491 981 3586 inprimis
999 3508 1106 3587 poetae
1120 3493 1218 3564 rebus
1231 3509 1266 3566 et
1285 3519 1358 3564 ver·

289 3596 341 3666 bis
357 3595 489 3666 efficere
502 3595 728 3682 conabantur3
738 3596 809 3690 ipsa
822 3597 954 3691 quidem
970 3623 1006 3667 re
1023 3598 1193 3685 bifariam,
1203 3601 1356 3672 videlicet

288 3700 344 3772 vel
367 3702 523 3797 opinione
548 3725 624 3787 sua,
646 3700 698 3770 vel
721 3701 855 3772 alterius
880 3706 1091 3798 persuasione
1115 3706 1269 3804 deceptos
1296 3705 1356 3778 fin·

287 3809 397 3904 gendo
418 3831 576 3902 personas
592 3835 601 3878 :
621 3807 740 3878 deinde
757 3833 879 3904 magna
894 3812 1044 3900 nomina,
1059 3811 1113 3882 vel
1126 3815 1217 3884 Deos
1231 3829 1357 3884 morta-

284 3912 367 3984 lium
376 3917 551 4010 postremis
560 3915 791 4010 componendo
799 3969 809 4004 ,
818 3917 915 3986 sicuti
923 3916 1059 3989 Plautus
1072 3920 1355 4018 inAmpbitryone

282 4021 490 4094 Mercurium
511 4019 645 4092 simulat
668 4045 766 4118 agere
791 4023 938 4094 Sosiam:
959 4023 1013 4096 vel
1038 4041 1176 4116 contra,
1192 4025 1351 4122 quemad·
