2928 4856
289 375 364 450 256
525 378 698 446 PUBLII
725 375 969 446 TERENTII
996 377 1115 446 Atat

284 511 389 601 Quasi
409 507 519 578 dedita
536 534 658 604 opera,
674 509 766 579 domi
779 523 892 593 erant,
906 523 944 578 ut
959 507 1052 578 nullo
1067 509 1168 580 modo
1315 543 1348 586 o.

284 617 428 687 lntroire
448 641 599 711 possem,
615 617 696 710 quin
716 615 868 686 viderent
886 640 949 684 me.
967 617 1103 686 Interim

283 729 374 794 Dum
394 737 471 793 ante
489 723 610 792 ostium
625 737 693 807 sto,
709 737 808 792 notus
828 722 910 791 milri
925 722 1059 816 quidem
1074 723 1210 792 obviam

283 832 408 900 Venit:
427 829 485 899 ubi
504 828 586 914 vidi,
600 854 662 924 ego
680 823 733 898 me
749 831 784 898 in
800 827 899 924 pedes
918 844 1079 922 quantum
1097 853 1201 924 queo,

284 939 325 1005 ln
346 937 558 1030 angiportum
580 933 747 1030 quoddam
765 934 948 1022 desertum3
970 935 1047 1004 inde
1068 937 1146 1006 item

284 1046 325 1113 ln
347 1041 456 1126 aliud,
470 1042 556 1111 ‚inde
574 1042 608 1113 in
628 1039 741 1110 aliud:
760 1043 805 1110 ita
822 1042 1026 1111 miserrimus

284 1147 552 1244 Fuivfugitandm
571 1172 613 1216 ne
631 1149 775 1242 quisine
794 1163 1019 1241 cognosceret.

283 1256 348 1325 Sed
365 1271 457 1324 estne
470 1254 541 1323 haec
555 1254 672 1338 Thais,
687 1279 786 1348 quam
808 1253 928 1323 video?
946 1257 1022 1349 Ipsa
1039 1256 1088 1324 ’st
1104 1258 1226 1325 Haereo

284 1362 375 1452 Quid
397 1358 534 1430 faciam?
549 1359 639 1449 Quid
656 1385 729 1430 mea
743 1359 877 1430 autem?
890 1361 982 1451 Quid
998 1361 1097 1430 saciet
1111 1361 1214 1430 milri?

186 1502 190 1508 »
284 1473 372 1538 'fram
388 1466 562 1536 Adeamus.
578 1469 669 1536 Bone
686 1469 753 1555 vir,
767 1469 879 1556 Dore,
897 1465 996 1536 salve.
1012 1469 1077 1537 Dic
1092 1467 1194 1554 mihi,

287 1653 405 1706 vitiatam
418 1649 536 1717 audiret,
548 1663 576 1704 et
583 1667 645 1703 eum
663 1669 725 1704 eum
741 1663 798 1703 tur-
883 1649 956 1716 865,
972 1653 1039 1715 ³46.
1052 1651 1092 1703 Ita
1103 1653 1248 1704 miscuimus
1257 1650 1347 1718 Fulse-

287 1733 316 1804 pi
335 1731 428 1784 habitu
445 1728 611 1784 incedentem
632 1731 798 1796 intueretur,
839 1731 951 1801 gitanda.
960 1731 1097 1787 Westerlr.
1109 1743 1183 1784 notat
1191 1731 1243 1783 Me.
1256 1731 1346 1784 cmii

287 1831 362 1866 reum
379 1811 476 1865 vitiatre
488 1809 598 1881 virginit
611 1821 725 1882 putaret.
742 1809 798 1860 Do·
840 1809 905 1864 dare
919 1811 974 1864 iada
987 1811 1129 1862 miserrimae
1137 1810 1347 1880 Fugisugr'taada.

287 1891 518 1962 nata-Uterque,
541 1890 629 1961 lunge
649 1909 709 1943 cum
734 1889 799 1942 domi
840 1890 1020 1953 -Inulr'ud‚
1035 1891 1215 1942 indeirralirtd.
1229 1891 1350 1962 Scangi·

286 1984 374 2035 emat,
392 1971 471 2025 ambo
482 1982 557 2024 erant
566 1967 649 2023 domi.
841 1971 1058 2040 portum-Ita,
1071 1989 1120 2041 per
1134 1971 1351 2024 exclamationem

330 2054 395 2115 840.
409 2051 503 2102 Dedita
517 2069 588 2120 opem
595 2089 602 2113 ,
621 2047 656 2102 de
669 2049 796 2110 consilio,
841 2048 1354 2121 dicmm.-Mt'aerrimuspropteranxie·

289 2131 324 2185 de
339 2129 597 2184 industrie-Non
613 2141 665 2182 tam
683 2129 798 2194 mirum,
841 2143 922 2184 tatem
946 2143 973 2184 et
998 2123 1185 2183 difficultatem
1211 2149 1240 2182 se
1267 2130 1352 2183 subri-

289 2214 309 2266 si
324 2211 398 2265 domi
411 2223 503 2272 erant3
514 2208 560 2262 red
577 2207 643 2262 illud
655 2209 737 2278 magis
747 2207 798 2261 mi·
842 2208 1138 2280 piendi-Fugitaado,
1149 2209 1214 2262 dum
1225 2209 1353 2280 lugerem,

287 2311 364 2358 rum,
378 2288 452 2362 quod
463 2291 491 2342 in
502 2308 533 2341 ea
543 2287 640 2345 domus
649 2301 733 2361 parte,
746 2307 799 2359 qua
841 2307 891 2354 ue,
902 2303 954 2343 etc.

287 2373 315 2424 in
333 2370 401 2424 tedes
422 2367 615 2422 introeundum
635 2381 691 2422 erat
709 2367 798 2422 adole·
884 2371 950 2441 847.
969 2369 1067 2423 Hoereo.
1080 2370 1138 2422 len.
1150 2389 1230 2440 pereo.
1242 2369 1353 2423 Peri-

286 2449 413 2504 seentulo.
422 2481 461 2492 -
476 2449 523 2512 Ut,
536 2448 572 2501 ita
583 2461 620 2501 ut.
842 2450 903 2502 Non
919 2451 1013 2522 pungit
1028 2461 1088 2521 post
1100 2451 1178 2502 lacer-eo
1192 2451 1252 2520 Bip.
1267 2453 1304 2502 At
1318 2451 1353 2502 le·

337 2532 402 2592 flia.
428 2531 495 2582 Ante
515 2531 615 2592 astutia,
639 2525 800 2598 antiphonis
841 2529 947 2584 viuime
958 2531 1004 2583 Br.
1016 2530 1094 2583 Both.
1109 2527 1354 2583 zeum—Seden-

288 2608 537 2662 scilicet-Notus
552 2609 611 2660 mett
628 2605 733 2680 quidam.
746 2607 798 2658 Re·
842 2629 886 2672 ιιι,
903 2622 952 2664 ete.
974 2611 1035 2664 Jam
1058 2607 1164 2681 pridem
1186 2609 1243 2681 ipae
1265 2609 1353 2674 visus,

289 2690 328 2743 ser
350 2690 409 2740 aridi
424 2686 459 2740 ad
474 2700 559 2750 aarum
580 2705 634 2740 non
652 2683 687 2740 ad
706 2686 799 2739 obviam
840 2708 914 2742 utino
925 2689 1045 2762 primum
1055 2687 1188 2742 videt.-
1198 2689 1300 2753 Iloereo,
1313 2707 1355 2742 eo·

287 2773 364 2822 verrit.
841 2767 902 2822 dem
924 2788 1000 2822 sensu
1014 2769 1111 2840 Virgit.
1126 2771 1187 2821 AEn.
1204 2769 1263 2830 XI,
1282 2787 1354 2838 290:

329 2847 395 2913 843.
410 2849 470 2918 Ego
484 2867 520 2901 me
540 2853 565 2900 ia
579 2847 660 2918 pedes.
674 2847 706 2899 ln
724 2845 800 2900 libris
845 2876 856 2898 ι
869 2847 1002 2920 Adspeotu
1015 2849 1173 2902 oonterritus
1186 2851 1273 2913 latit,
1286 2854 1355 2903 Con·

287 2926 445 3000 quibusdam
457 2941 561 2998 egomet,
575 2925 649 2998 qnod
665 2926 746 2997 possit
759 2926 799 2978 vi·
840 2929 972 3000 tinuitque
985 2927 1106 3000 gradum.
1121 2953 1133 2976 ι

288 3007 346 3061 deri
368 3019 460 3060 notum
485 3027 518 3060 ex
541 3007 650 3078 antiqua
671 3006 799 3076 scriptura
883 3002 1354 3079 848.Quidsaciam?1nlibrisan·

289 3108 335 3158 ego
352 3089 406 3140 med
420 3092 444 3139 ia
458 3088 622 3157 pedem-lo
632 3087 723 3156 pedes,
739 3087 801 3140 tub.
841 3088 922 3160 tiquie
936 3107 1026 3142 verene
1044 3088 1140 3160 incipit
1152 3106 1201 3159 per
1217 3089 1265 3151 alr,·
1280 3087 1354 3159 qnod

290 3171 388 3240 conjeci.
403 3168 485 3220 -Ia
493 3166 566 3238 pedes
581 3166 697 3236 intellige
710 3183 758 3236 pro
775 3169 800 3217 in
828 3185 891 3221 neo
922 3168 1038 3222 Faernus
1062 3186 1112 3222 nec
1135 3168 1250 3221 Bentleii
1272 3166 1353 3221 codd.

283 3251 386 3319 sugam,
401 3260 428 3302 et
441 3248 492 3301 hoo
503 3258 597 3308 totum,
607 3259 636 3299 ut
646 3265 714 3317 nepe
723 3245 798 3310 alibi,
842 3262 996 3320 agnoscunt.
1006 3279 1045 3291 -
1056 3248 1127 3319 Quid
1139 3267 1191 3299 mea
1204 3261 1293 3300 autori.
1307 3249 1355 3300 lu·

287 3349 338 3401 pro
355 3330 461 3398 confugi.
842 3325 1010 3399 tellige,qnid
1018 3347 1077 3380 mea
1085 3328 1165 3380 relert
1174 3327 1247 3380 illam
1255 3326 1355 3384 adme.

332 3412 398 3472 844.
407 3410 436 3460 lo
443 3410 594 3478 augportum
606 3405 733 3477 quoddam.
741 3407 798 3458 len.
842 3406 951 3479 Colligit
960 3427 986 3461 ee
995 3406 1030 3460 nd
1039 3406 1233 3479 impudentiam
1246 3408 1357 3462 Chaerea

290 3501 319 3541 et'
332 3491 402 3543 Ven.
415 3487 475 3542 cod.
488 3486 799 3562 quemdam-Angipor-
884 3491 950 3557 849.
966 3488 1098 3540 Adeamtu.
1111 3488 1174 3540 lleac
1187 3485 1220 3540 ad
1231 3489 1355 3541 ancillam

289 3583 354 3632 tum,
374 3570 407 3622 eb
423 3567 535 3638 augendo
553 3577 681 3636 elperici,
700 3564 742 3617 via
762 3577 801 3617 est
844 3568 942 3633 Thuim
963 3586 1026 3620 mox
1040 3568 1205 3622 convertitur
1227 3567 1264 3620 ad
1278 3571 1357 3638 juve-

287 3663 408 3720 anguata.
416 3649 520 3701 Nomen
534 3645 628 3699 hocin
642 3654 739 3697 neutro
754 3663 800 3716 ge·
843 3660 948 3714 nem‚et
962 3646 1081 3700 simulate
1092 3646 1220 3720 loquitur,
1232 3666 1296 3700 nam
1307 3647 1358 3700 ecit

288 3747 366 3792 nere,
383 3726 418 3781 ad
433 3725 575 3781 secundam
595 3723 799 3778 declinationem
844 3727 980 3781 Chaeream
993 3745 1061 3790 eme,
1072 3745 1127 3780 non
1138 3729 1254 3780 Dorum.
1266 3727 1300 3779 Et
1310 3728 1357 3780 ltic

288 3809 410 3879 pertinet.
423 3809 455 3861 In
469 3806 613 3860 masculino
627 3817 729 3873 nutem,
741 3817 799 3858 tum
843 3825 938 3878 magna
949 3807 1052 3861 occario
1067 3805 1146 3860 datur
1158 3807 1294 3860 meretrici
1308 3806 1358 3860 ad·

286 3887 491 3954 recundra,tum
504 3884 799 3958 quartoeinvenitur.-
843 3885 925 3940 eundi
947 3885 1134 3950 adolescentis,
1158 3887 1206 3958 qui
1232 3887 1357 3940 habitum

286 3971 431 4030 Desertum,
458 3966 550 4038 paucis
579 3965 799 4037 pretereuntibus
843 3985 898 4019 non
913 3966 1040 4032 mutavit,
1060 3978 1087 4021 et
1106 3965 1194 4019 adhuc
1209 3967 1286 4037 quasi
1300 3969 1358 4020 Eu·

191 4061 194 4070 ’
286 4051 493 4120 frequentatum.
845 4045 950 4100 nuchue
963 4059 990 4100 et
1002 4065 1093 4101 servus
1106 4059 1153 4100 eet.
1173 4047 1266 4100 Donat.
