3014 4872
279 443 351 493 un
596 419 858 489 rnnnnrn
891 419 1019 486 viri
1086 365 1092 378 ’

281 567 360 649 post
380 553 485 646 equiti
506 555 660 624 Romano
685 552 808 647 nupsit.
838 554 923 620 Itoni
942 548 1093 620 hortulos
1110 575 1157 620 nx
1174 552 1348 647 jugemm,

278 663 333 730 rie
358 660 466 756 Appia
493 659 536 728 ud
554 661 672 729 Martis
695 657 806 728 villain
824 682 917 753 :quo
936 659 1040 752 magis
1063 659 1177 746 miror,
1197 651 1347 728 Portiurn

278 767 437 854 scribere,

833 913 913 972 Nihil
929 909 1048 971 Publius

314 1011 414 1090 Scipio
427 1011 554 1090 profuit,
568 1009 639 1068 nihil
653 1010 681 1068 ei
695 1009 814 1082 Laelius,
825 1009 898 1068 nihil
910 1007 1027 1081 Furius3

314 1113 387 1168 Tres
399 1105 540 1188 peridem
555 1121 667 1186 tenipus
681 1107 732 1185 qui
744 1106 890 1186 agitabant
901 1103 1014 1164 nobiles
1028 1103 1176 1164 facillime.

307 1209 422 1266 diorum
435 1205 485 1264 ille
497 1225 588 1282 opera
600 1225 637 1263 ne
649 1203 768 1264 domum
781 1203 899 1284 quidem
914 1203 1019 1261 hebuit
1032 1201 1239 1263 conductitiam
1256 1223 1264 1259 ε

276 1337 279 1344 ·
313 1304 421 1363 Saltem
437 1315 470 1361 ut
484 1313 577 1374 esset,
589 1321 648 1380 quo
663 1303 786 1361 referret
799 1301 912 1364 obitum
927 1301 1038 1360 domini
1052 1299 1192 1362 servulus.

267 1485 273 1498 ⁵
327 1509 427 1578 Hune
448 1507 604 1576 Afranius
622 1505 756 1602 quidem
773 1507 928 1576 omnibus
943 1507 1078 1578 comicis
1098 1505 1249 1602 prefert,
1264 1509 1344 1576 seri·

273 1613 355 1682 bons
375 1616 409 1682 in
422 1612 683 1710 Compitalibus:
700 1615 882 1684 «Terentio
897 1638 966 1684 non
982 1611 1120 1684 similem
1130 1613 1219 1683 dices
1227 1637 1343 1708 quem·

273 1719 371 1812 piam.
389 1736 407 1772 ³)

326 1823 497 1895 Volcatius
519 1843 631 1896 autem
650 1852 723 1897 non·
734 1825 841 1897 solum
856 1827 990 1911 Naevio,
1010 1840 1045 1895 et
1061 1824 1200 1914 Plauto,
1215 1840 1249 1894 et
1264 1828 1342 1895 Cae·

277 1929 371 2018 cilio,
393 1932 450 2001 sed
470 1934 598 2019 Licinio
611 1920 636 1958 ‘⁶
656 1957 788 2030 quoque
809 1935 989 2030 postponit.
1011 1934 1131 2003 Cicero
1148 1931 1181 2000 in
1203 1933 1347 2002 Limone

273 2037 435 2107 haetenus
456 2038 591 2109 laudnt:

350 2231 395 2286 Tu
409 2247 542 2305 quoque,
558 2229 609 2306 qui
624 2230 702 2288 solus
715 2231 791 2290 lecto
803 2248 954 2304 sermone,
969 2230 1104 2302 Terenti,

346 2327 529 2384 -conversnm
542 2345 768 2406 expressumque
779 2327 882 2388 Letine
894 2345 965 2386 vooe
978 2325 1174 2385 Menandrum

349 2423 384 2476 tn
394 2417 495 2478 -tnedio
510 2433 534 2472 ²⁷
551 2423 654 2501 populi
667 2422 776 2481 sedatis
791 2423 915 2482 vocibus
930 2423 1035 2494 effers3

349 2515 501 2594 Quidquid
517 2520 541 2558 ¹⁸
554 2537 636 2579 nome
650 2520 788 2597 loquens,
803 2540 838 2580 ac
854 2518 1179 2600 omniadulciefdieens.

267 2705 353 2777 Item
375 2706 415 2775 C.
434 2707 570 2788 Caesar:

346 2899 392 2954 Tu
403 2915 520 2976 quoque
534 2911 565 2956 tu
579 2899 611 2956 in
624 2899 758 2972 summis,
773 2918 792 2957 o
806 2898 956 2959 dimidiare
969 2897 1141 2972 Menander,

345 2993 465 3054 Poueris
475 3037 484 3068 ,
496 3008 525 3054 et
539 2997 660 3066 merito,
676 2997 743 3076 puri
755 2999 896 3058 sermonis
909 3010 1030 3071 ametor,

345 3089 473 3149 Leuibus
484 3103 571 3171 utque
585 3093 696 3152 utinum
710 3095 824 3174 scriptis
838 3095 974 3173 adjuncta
987 3096 1063 3154 foret
1075 3093 1117 3152 ris

347 3187 485 3258 Comioa,
501 3201 524 3240 ¹⁹
538 3203 572 3247 ut
586 3205 700 3269 nquuto
716 3192 809 3251 virtus
823 3193 948 3272 polleret
962 3192 1076 3251 honore

344 3287 421 3342 (lum
437 3286 561 3362 Grecis,
576 3307 670 3368 neque
681 3290 710 3347 in
726 3289 781 3348 hnc
794 3289 946 3369 despectus
958 3301 983 3328 ²⁴²
994 3301 1078 3368 perte
1088 3288 1216 3368 jaceres!

342 3389 439 3441 Unum
455 3381 512 3440 hoc
525 3404 665 3459 maceror,
679 3399 708 3444 et
717 3385 807 3449 ,doleo
823 3387 876 3446 tibi
889 3386 1009 3457 deesse,
1022 3385 1147 3444 Terenti.

308 3603 351 3652 ιδ.
366 3601 469 3657 ὶίεἱηίο.
481 3604 532 3658 Me.
544 3607 621 3658 Livio.
632 3609 673 3660 Id.
819 3625 911 3661 omnes
927 3607 982 3661 sere
995 3605 1139 3660 hodiernus
1152 3605 1256 3677 linguei
1268 3623 1334 3677 pro·

307 3697 354 3749 17.
370 3682 402 3733 In
420 3683 509 3748 medio,
524 3697 572 3739 eto.
590 3689 639 3739 Me.
657 3689 724 3740 Dan.
744 3689 775 3739 In
819 3699 941 3758 poputum
955 3699 993 3741 eet
1009 3705 1017 3740 τ
1032 3685 1078 3740 sed
1093 3697 1165 3739 reete
1185 3695 1277 3738 mouet
1291 3684 1334 3736 vir

264 3758 364 3811 medium
378 3762 445 3814 nolis
458 3765 564 3828 sedatis,
578 3779 628 3818 ete.
643 3765 685 3819 Id.
819 3767 947 3838 egregius,
956 3766 1030 3820 Frid.
1040 3761 1332 3837 tupwotflusmoad.

308 3841 350 3892 18.
368 3842 502 3916 Quidqeid.
516 3845 567 3898 llis.
583 3847 726 3917 Quiddom:
740 3847 775 3898 nl.
819 3848 937 3901 ualensis
960 3845 1061 3913 deoru,
1078 3843 1335 3917 conjungendum

265 3917 402 3992 Quidquod.
416 3921 457 3976 Id.
819 3928 899 3980 verbe
919 3928 1060 3981 -Comiem
1077 3939 1105 3980 et
1120 3926 1244 3978 «virtue-
1255 3923 1331 3976 Botlt·

305 4013 344 4066 19.
367 4001 434 4055 Com.
453 4005 545 4075 Vulgo
562 4005 685 4057 continue
710 4005 774 4058 sori·
861 4027 906 4061 no.
918 4008 1058 4082 Despectus
1070 4005 1199 4058 Meliten.
1212 4005 1332 4075 despectu.

265 4078 331 4130 liunt
342 4085 382 4132 vis
397 4082 595 4155 Comioo,quod
605 4085 715 4138 verbum
725 4103 775 4156 per
819 4087 897 4140 Lind.
