2968 4856
360 353 541 424 untur.
573 353 679 423 Aca.
710 355 741 439 1,
768 353 836 420 sc.
865 353 938 420 111.
1098 349 1172 424 335·
1248 389 1255 404 =

112 495 209 561 Cmr.
229 492 328 558 Pater
347 485 457 575 adest,
475 508 573 579 quem
596 484 697 554 volui.
720 483 837 553 Adibo.
853 486 967 568 Pater,
988 500 1175 580 opportune

219 645 221 650 ,
270 594 413 663 advenis.

113 707 199 774 Can.
224 701 315 790 Quid
336 698 370 770 id
386 697 459 768 esti
475 702 572 767 Cum.
593 701 693 766 Hunc
716 696 951 766 Menedemum
973 696 1092 766 nostin’
1113 724 1171 767 no·

275 823 380 878 strum
398 803 565 874 vicinum?
584 807 675 874 Gna.
695 803 811 873 Probe.
858 870 868 892 ‚
1115 819 1174 866 n..

114 920 208 988 Cur.
232 915 321 984 Huic
348 911 453 981 filium
477 913 540 980 scis
561 909 652 980 esse?
672 912 761 980 Can.
781 909 901 978 Audivi
928 931 998 979 esse
1026 912 1058 978 in
1085 913 1174 980 Asia.

269 1021 365 1090 Cam.
386 1021 462 1087 Non
485 1031 552 1105 est,
574 1032 685 1112 pater3

114 1128 215 1224 Apud
236 1151 299 1195 nos
325 1138 386 1195 est.
415 1127 504 1194 Can.
534 1123 624 1212 Quid
651 1121 720 1193 ais?
746 1125 845 1193 cin.
873 1123 1130 1212 Advenientem‚
1157 1149 1176 1193 e

270 1233 348 1301 navi
366 1230 589 1326 egredientem
608 1228 694 1300 illico
776 1298 781 1306 ,

116 1339 243 1409 Abduxi
267 1339 310 1408 ad
334 1362 462 1408 coenam
483 1363 491 1404 :
510 1361 587 1405 nam
607 1337 688 1406 milri
708 1361 923 1432 magnacum
949 1362 989 1406 eo
1010 1337 1079 1430 jam
1099 1337 1176 1406 inde

272 1469 376 1540 usque
395 1467 414 1512 a
433 1446 574 1538 pueritia

116 1553 188 1621 Fuit
204 1577 339 1647 semper
352 1549 566 1621 familiaritas.
585 1551 673 1619 Cau.
689 1547 905 1645 Voluptatem
921 1573 1075 1645 magnam
1094 1575 1175 1620 nun-

273 1673 347 1726 llas.

117 1865 206 1929 tionis,
234 1853 364 1934 adeoque'
387 1861 547 1916 necessitatis
573 1863 625 1916 ha·
670 1861 744 1933 quod
763 1859 876 1924 audivit,
893 1861 1078 1927 mirabundus,
1091 1881 1175 1936 neque

118 1944 184 1997 beat.
203 1945 267 2010 Quo
286 1943 359 1998 euim
382 1941 541 1998 differentur
561 1943 626 1997 ista?
669 1941 745 1995 facile
756 1940 874 1994 credens.
889 1941 950 1993 Non
963 1955 1001 1994 est
1011 1942 1176 2014 interrogan-

118 2024 243 2079 Boeckrus.
669 2021 713 2087 tis,
728 2019 773 2073 sed
790 2019 950 2074 admirantis.
970 2021 1056 2090 Culpb.

158 2122 222 2174 ¹79·
234 2105 313 2174 Quem
321 2101 390 2156 uolui
397 2143 405 2165 ,
416 2103 473 2155 suh.
486 2103 574 2154 adesse.
712 2101 774 2154 183.
787 2101 898 2154 Abderi.
908 2101 969 2152 Lib.
980 2101 1061 2171 antiq.
1075 2102 1175 2155 addixi.

158 2187 221 2238 rao.
248 2183 320 2252 Quid
334 2182 362 2233 td
374 2193 417 2235 est.
431 2184 520 2237 West.
541 2180 626 2234 eredit
669 2207 709 2221 -—
723 2181 818 2249 blegne
836 2199 887 2232 eum
906 2182 1011 2250 cajum,
1022 2192 1073 2232 etc.
1089 2181 1175 2235 Bentl.

119 2265 144 2314 ri
160 2263 187 2314 id
198 2261 339 2326 additum,
355 2263 392 2314 ob
404 2275 535 2326 metrum,
551 2260 624 2332 quod
668 2273 754 2323 notat,
762 2271 876 2330 quatuor
887 2277 918 2312 ex
928 2259 1113 2312 vetustioribus
1122 2263 1176 2314 suis

120 2355 240 2409 praterea
268 2339 378 2396 adnotat
399 2339 489 2395 deesse
511 2341 539 2393 in
561 2341 624 2394 trib.
667 2357 721 2393 non
744 2340 841 2392 babere
864 2357 966 2408 magua,
989 2351 1015 2391 et
1037 2341 1174 2410 approbat.

120 2421 191 2476 Laid.
202 2451 244 2464 —
255 2421 345 2474 Probe.
358 2423 460 2474 Vocem
472 2421 541 2474 hauc
550 2421 626 2474 Erae·
667 2420 744 2473 Delet
754 2420 1055 2491 quoqueBotbius.—A
1061 2424 1173 2489 pueritia.

121 2519 175 2554 mus
193 2503 280 2574 rejicit
299 2502 327 2554 iu
340 2519 446 2555 tersum
461 2512 623 2572 sequentem.
667 2501 736 2564 atii,
753 2520 768 2550 a
781 2504 876 2570 pueris,
891 2497 964 2571 quod
979 2499 1065 2571 placet
1077 2499 1173 2571 Georg.

121 2609 158 2624 -·
169 2583 237 2654 Quid
245 2583 277 2635 id
285 2593 336 2644 est,
350 2579 544 2652 propterquod
559 2593 624 2633 tem·
667 2580 771 2633 Fabric.
789 2611 828 2624 -
846 2579 964 2642 Aeaei,
981 2599 996 2631 e
1016 2580 1108 2633 littore
1129 2582 1174 2633 ubi

121 2659 337 2728 pestiteaccedo?
345 2685 385 2695 -
396 2659 482 2714 Probe.
496 2661 625 2731 Apprime
666 2675 728 2712 mox
741 2661 884 2732 appulerat.
893 2693 933 2703 -
944 2659 1009 2712 Num
1020 2661 1078 2711 miti·
1087 2679 1176 2729 magica

121 2742 264 2796 novicum.
667 2759 719 2790 cum
741 2761 769 2792 eo
785 2741 838 2809 jam
861 2741 916 2792 inde
935 2759 1006 2811 usque
1026 2759 1042 2792 a
1060 2744 1174 2810 pueritiis.

160 2823 219 2885 181,
239 2822 334 2876 Audiui
348 2839 396 2872 esse
414 2823 440 2872 in
455 2823 526 2873 Asia.
545 2823 625 2874 Ante·
668 2819 802 2891 ·Semper
827 2839 857 2872 ex
882 2820 932 2873 hac
955 2833 1031 2872 aetate
1057 2837 1116 2889 quse
1139 2834 1178 2873 est

122 2899 182 2970 algu.
194 2903 289 2955 Audiri
303 2905 328 2953 ta
343 2902 408 2954 Asia
422 2919 478 2952 esse.
494 2905 549 2954 Nos
565 2911 625 2970 post
667 2901 805 2972 pueritia.»
814 2900 887 2963 Inde,
898 2899 1007 2969 ponitur
1020 2901 1093 2970 quasi
1106 2920 1175 2953 nun-

121 2979 198 3036 Zeuu.
222 2981 295 3036 Perl.
309 2981 387 3052 Velp.
412 2980 504 3034 Audivi
526 2999 575 3032 esse
600 2983 626 3032 in
666 2980 791 3046 tiaturum
803 2999 818 3031 u
824 2983 945 3052 pueritia,
956 2991 1029 3032 erest
1038 2997 1123 3050 prope
1134 2999 1176 3034 ex·

124 3061 189 3114 Asa.
211 3062 293 3116 Both.
315 3061 424 3125 Audiit,
447 3063 472 3112 in
489 3062 552 3112 Asia
573 3079 624 3112 eum
666 3060 805 3130 pletirum.

123 3158 174 3192 sese.
187 3142 219 3195 In
229 3143 278 3195 lib.
289 3143 369 3212 antiq.
383 3139 456 3194 deest
465 3161 521 3192 esse.
536 3141 624 3193 Reutl.
710 3144 774 3204 184.
782 3139 844 3192 Post
855 3140 927 3193 bunc
941 3157 1045 3194 versum
1056 3139 1175 3209 sequitur

123 3223 245 3292 proponit
263 3219 315 3293 legi
336 3233 363 3274 et
380 3219 506 3290 distingui
533 3220 627 3272 Audivi
667 3218 975 3292 inutroquecod.Goth.
984 3235 1086 3284 versus,
1096 3236 1174 3289 quem

123 3317 168 3350 esse
182 3321 189 3352 s
202 3303 268 3357 ctis.
283 3303 313 3353 In
325 3303 371 3353 As.
386 3319 410 3354 a.
422 3319 443 3353 e.
453 3299 627 3371 p.-Aucliai
666 3299 834 3353 inscribimus
853 3317 920 3368 192,
934 3299 1002 3368 Quid
1013 3309 1113 3364 narrat,
1123 3309 1175 3350 etr.

123 3384 201 3434 eseam
212 3383 287 3435 Aria.
300 3381 342 3433 ef.
353 3399 426 3452 supr.
441 3397 506 3451 117,
517 3380 563 3432 ubi
574 3379 625 3433 hoc
668 3379 783 3432 Confuse
802 3391 905 3442 tumen,
922 3391 952 3431 ut
966 3377 1078 3448 opinor,
1091 3395 1174 3448 quum

124 3475 153 3510 ex
168 3475 243 3532 patre
260 3460 331 3516 illius
345 3464 398 3531 jam
413 3461 540 3515 Chremes
553 3459 625 3513 audi·
667 3458 711 3511 hic
728 3459 953 3515 inconvenientius
965 3459 1105 3528 abruptus,
1121 3456 1174 3510 illic

124 3537 215 3594 vit...-
225 3543 286 3596 Non
300 3554 354 3604 est,
373 3541 429 3593 sub.
446 3541 473 3593 iu
487 3540 556 3593 Asia.
667 3541 768 3610 positus
775 3540 860 3610 aptius
867 3534 1174 3590 viderunsedetwest.

163 3622 225 3676 182.
243 3621 428 3682 Advent'eutem,
446 3641 459 3670 e
475 3623 530 3672 noui
544 3620 625 3689 «gud.
667 3631 741 3672 notat
756 3619 887 3689 integrum
900 3617 972 3669 bunc
989 3635 1025 3667 vs.
1047 3615 1074 3668 iu
1088 3616 1176 3670 Maris.

125 3694 190 3753 Mur.
200 3707 332 3756 vendacem
340 3701 470 3771 emegred.
480 3701 537 3752 add.
548 3701 623 3763 illico,
667 3717 722 3752 esse
731 3711 792 3752 aute
802 3717 837 3751 vs.
852 3697 904 3753 185
916 3696 1176 3758 collocatumEtiam

125 3779 217 3846 rejecto
232 3782 301 3852 apud
314 3784 340 3834 in
357 3781 437 3833 linem
456 3799 545 3834 versus
557 3797 625 3852 pru·
667 3777 724 3831 itid.
739 3779 847 3831 invenio
859 3779 886 3829 iu
899 3794 953 3829 uuo
962 3774 1049 3828 Guelf.
1061 3775 1127 3827 Perl.
1136 3807 1176 3822 .-

125 3855 233 3915 cedentis
247 3881 253 3914 :
266 3881 281 3913 e
292 3879 346 3932 quo
357 3859 435 3913 etiam
447 3861 514 3914 tollit
523 3871 559 3911 est
566 3869 625 3930 post
669 3859 822 3928 Voluptatem
842 3875 952 3927 maguam
968 3859 1075 3920 nuntias,
1092 3855 1175 3920 mibi,

126 3935 397 4012 Asta--Apadnoe
412 3942 446 3993 ‘Iu
462 3937 561 3994 adibus
576 3958 625 3992 no·
667 3939 711 3990 eui
745 3936 894 3992 Menedemi
929 3935 1052 3991 dolorem
1091 3936 1177 3989 levare

124 4015 189 4072 stris.
207 4051 247 4064 --
269 4021 337 4091 Quid
353 4015 409 4073 ais?
430 4023 578 4091 interroget
596 4016 622 4072 id
668 4015 742 4071 cordi
765 4032 810 4071 est.
