<?xml version="1.0" encoding="UTF-8"?>
<!DOCTYPE html PUBLIC "-//W3C//DTD XHTML 1.0 Transitional//EN"
    "http://www.w3.org/TR/xhtml1/DTD/xhtml1-transitional.dtd">
<html xmlns="http://www.w3.org/1999/xhtml" xml:lang="en" lang="en">
 <head>
  <title>
</title>
<meta http-equiv="Content-Type" content="text/html;charset=utf-8" />
  <meta name='ocr-system' content='tesseract 3.04.00' />
  <meta name='ocr-capabilities' content='ocr_page ocr_carea ocr_par ocr_line ocrx_word'/>
</head>
<body>
  <div class='ocr_page' id='page_1' title='image "./publiiterentiia04lemagoog/publiiterentiia04lemagoog_0471.png"; bbox 0 0 2928 4856; ppageno 0'>
   <div class='ocr_carea' id='block_1_1' title="bbox 313 376 1178 478">
    <p class='ocr_par' dir='ltr' id='par_1_1' title="bbox 313 376 1178 478">
     <span class='ocr_line' id='line_1_1' title="bbox 313 376 1178 478; baseline 0.007 -31"><span class='ocrx_word' id='word_1_1' title='bbox 313 376 605 447; x_wconf 80' lang='lat' dir='ltr'><strong>nuuucaus.</strong></span> <span class='ocrx_word' id='word_1_2' title='bbox 634 376 739 446; x_wconf 80' lang='lat' dir='ltr'><strong>scr.</strong></span> <span class='ocrx_word' id='word_1_3' title='bbox 767 377 811 460; x_wconf 89' lang='lat' dir='ltr'><strong>v,</strong></span> <span class='ocrx_word' id='word_1_4' title='bbox 839 379 904 447; x_wconf 91' lang='lat' dir='ltr'><strong>sc.</strong></span> <span class='ocrx_word' id='word_1_5' title='bbox 934 379 983 446; x_wconf 90' lang='lat'><strong>11.</strong></span> <span class='ocrx_word' id='word_1_6' title='bbox 1107 378 1178 478; x_wconf 79' lang='lat'><strong>257</strong></span> 
     </span>
    </p>
   </div>
   <div class='ocr_carea' id='block_1_2' title="bbox 112 507 1187 1750">
    <p class='ocr_par' dir='ltr' id='par_1_2' title="bbox 112 507 1186 693">
     <span class='ocr_line' id='line_1_2' title="bbox 112 507 1184 608; baseline 0 -25"><span class='ocrx_word' id='word_1_7' title='bbox 112 508 330 608; x_wconf 80' lang='lat' dir='ltr'><strong>Aniugistin&#39;l</strong></span> <span class='ocrx_word' id='word_1_8' title='bbox 348 513 467 580; x_wconf 74' lang='lat' dir='ltr'><strong>Cana.</strong></span> <span class='ocrx_word' id='word_1_9' title='bbox 489 511 593 594; x_wconf 87' lang='lat' dir='ltr'><strong>Hera,</strong></span> <span class='ocrx_word' id='word_1_10' title='bbox 612 507 845 578; x_wconf 82' lang='lat' dir='ltr'><strong>iactuans.</strong></span> <span class='ocrx_word' id='word_1_11' title='bbox 864 510 956 578; x_wconf 81' lang='lat' dir='ltr'>Satin</span> <span class='ocrx_word' id='word_1_12' title='bbox 978 509 1013 580; x_wconf 93' lang='lat' dir='ltr'><strong>id</strong></span> <span class='ocrx_word' id='word_1_13' title='bbox 1034 511 1093 582; x_wconf 91' lang='lat' dir='ltr'><strong>tibi</strong></span> <span class='ocrx_word' id='word_1_14' title='bbox 1114 513 1184 608; x_wconf 92' lang='lat' dir='ltr'><strong>pla-</strong></span> 
     </span>
     <span class='ocr_line' id='line_1_3' title="bbox 273 614 1186 693; baseline 0.007 -7"><span class='ocrx_word' id='word_1_15' title='bbox 273 614 346 686; x_wconf 82' lang='lat' dir='ltr'><strong>cet?</strong></span> <span class='ocrx_word' id='word_1_16' title='bbox 1145 651 1186 693; x_wconf 77' lang='lat' dir='ltr'><strong>ss·</strong></span> 
     </span>
    </p>

    <p class='ocr_par' dir='ltr' id='par_1_3' title="bbox 115 718 1182 899">
     <span class='ocr_line' id='line_1_4' title="bbox 115 718 1182 814; baseline 0.001 -17"><span class='ocrx_word' id='word_1_17' title='bbox 115 727 238 796; x_wconf 76' lang='lat' dir='ltr'><strong>Cama.</strong></span> <span class='ocrx_word' id='word_1_18' title='bbox 262 725 352 794; x_wconf 85' lang='lat' dir='ltr'><strong>Non.</strong></span> <span class='ocrx_word' id='word_1_19' title='bbox 372 723 461 790; x_wconf 75' lang='lat' dir='ltr'><strong>Tus.</strong></span> <span class='ocrx_word' id='word_1_20' title='bbox 489 718 622 790; x_wconf 91' lang='lat' dir='ltr'><strong>Credin’</strong></span> <span class='ocrx_word' id='word_1_21' title='bbox 641 735 674 788; x_wconf 89' lang='lat' dir='ltr'><strong>te</strong></span> <span class='ocrx_word' id='word_1_22' title='bbox 699 721 832 814; x_wconf 91' lang='lat' dir='ltr'><strong>impune</strong></span> <span class='ocrx_word' id='word_1_23' title='bbox 857 721 1043 792; x_wconf 78' lang='lat' dir='ltr'><strong>abiturum?</strong></span> <span class='ocrx_word' id='word_1_24' title='bbox 1062 728 1182 798; x_wconf 73' lang='lat' dir='ltr'><strong>Caes.</strong></span> 
     </span>
     <span class='ocr_line' id='line_1_5' title="bbox 277 826 648 899; baseline -0.013 0"><span class='ocrx_word' id='word_1_25' title='bbox 277 831 389 899; x_wconf 90' lang='lat' dir='ltr'><strong>Unam</strong></span> <span class='ocrx_word' id='word_1_26' title='bbox 406 826 494 894; x_wconf 91' lang='lat' dir='ltr'><strong>hanc</strong></span> <span class='ocrx_word' id='word_1_27' title='bbox 515 827 648 895; x_wconf 82' lang='lat' dir='ltr'>noxiam</span> 
     </span>
    </p>

    <p class='ocr_par' dir='ltr' id='par_1_4' title="bbox 115 930 946 1027">
     <span class='ocr_line' id='line_1_6' title="bbox 115 930 946 1027; baseline -0.005 -20"><span class='ocrx_word' id='word_1_28' title='bbox 115 937 260 1022; x_wconf 83' lang='lat' dir='ltr'><strong>Amitte3</strong></span> <span class='ocrx_word' id='word_1_29' title='bbox 277 936 304 1005; x_wconf 90' lang='lat' dir='ltr'><strong>si</strong></span> <span class='ocrx_word' id='word_1_30' title='bbox 320 933 418 1002; x_wconf 85' lang='lat' dir='ltr'><strong>aliam</strong></span> <span class='ocrx_word' id='word_1_31' title='bbox 436 930 600 1002; x_wconf 79' lang='lat' dir='ltr'><strong>admisero</strong></span> <span class='ocrx_word' id='word_1_32' title='bbox 617 956 781 1027; x_wconf 85' lang='lat' dir='ltr'><strong>unquam,</strong></span> <span class='ocrx_word' id='word_1_33' title='bbox 795 934 946 1003; x_wconf 86' lang='lat' dir='ltr'>occidito.</span> 
     </span>
    </p>

    <p class='ocr_par' dir='ltr' id='par_1_5' title="bbox 113 1026 1185 1240">
     <span class='ocr_line' id='line_1_7' title="bbox 113 1026 1185 1118; baseline 0.004 -6"><span class='ocrx_word' id='word_1_34' title='bbox 113 1047 207 1114; x_wconf 78' lang='lat' dir='ltr'><strong>Tus.</strong></span> <span class='ocrx_word' id='word_1_35' title='bbox 229 1041 322 1110; x_wconf 88' lang='lat' dir='ltr'><strong>Num</strong></span> <span class='ocrx_word' id='word_1_36' title='bbox 345 1063 453 1109; x_wconf 85' lang='lat' dir='ltr'><strong>meam</strong></span> <span class='ocrx_word' id='word_1_37' title='bbox 476 1039 634 1108; x_wconf 74' lang='lat' dir='ltr'><strong>sevitiam</strong></span> <span class='ocrx_word' id='word_1_38' title='bbox 659 1026 823 1110; x_wconf 72' lang='lat' dir='ltr'><strong>veritu&#39;sl</strong></span> <span class='ocrx_word' id='word_1_39' title='bbox 850 1043 970 1111; x_wconf 71' lang='lat' dir='ltr'><strong>Casan.</strong></span> <span class='ocrx_word' id='word_1_40' title='bbox 990 1039 1079 1113; x_wconf 89' lang='lat' dir='ltr'><strong>Non.</strong></span> <span class='ocrx_word' id='word_1_41' title='bbox 1096 1047 1185 1118; x_wconf 78' lang='lat' dir='ltr'><strong>Tus.</strong></span> 
     </span>
     <span class='ocr_line' id='line_1_8' title="bbox 276 1143 503 1240; baseline -0.013 -25"><span class='ocrx_word' id='word_1_42' title='bbox 276 1146 367 1235; x_wconf 89' lang='lat' dir='ltr'>Quid</span> <span class='ocrx_word' id='word_1_43' title='bbox 382 1143 503 1240; x_wconf 84' lang='lat' dir='ltr'><strong>igitur?</strong></span> 
     </span>
    </p>

    <p class='ocr_par' dir='ltr' id='par_1_6' title="bbox 117 1251 966 1336">
     <span class='ocr_line' id='line_1_9' title="bbox 117 1251 966 1336; baseline -0.001 -11"><span class='ocrx_word' id='word_1_44' title='bbox 117 1257 238 1325; x_wconf 73' lang='lat' dir='ltr'><strong>Cama.</strong></span> <span class='ocrx_word' id='word_1_45' title='bbox 253 1257 350 1323; x_wconf 88' lang='lat' dir='ltr'><strong>Hanc</strong></span> <span class='ocrx_word' id='word_1_46' title='bbox 368 1253 490 1336; x_wconf 89' lang='lat' dir='ltr'><strong>metui,</strong></span> <span class='ocrx_word' id='word_1_47' title='bbox 511 1275 553 1319; x_wconf 89' lang='lat' dir='ltr'><strong>ne</strong></span> <span class='ocrx_word' id='word_1_48' title='bbox 570 1275 624 1320; x_wconf 90' lang='lat' dir='ltr'><strong>me</strong></span> <span class='ocrx_word' id='word_1_49' title='bbox 645 1251 875 1322; x_wconf 80' lang='lat' dir='ltr'><strong>criminaretur</strong></span> <span class='ocrx_word' id='word_1_50' title='bbox 898 1253 966 1324; x_wconf 90' lang='lat' dir='ltr'><strong>tibi.</strong></span> 
     </span>
    </p>

    <p class='ocr_par' dir='ltr' id='par_1_7' title="bbox 117 1355 1187 1558">
     <span class='ocr_line' id='line_1_10' title="bbox 117 1355 1184 1452; baseline 0.003 -22"><span class='ocrx_word' id='word_1_51' title='bbox 117 1365 205 1432; x_wconf 79' lang='lat' dir='ltr'><strong>Tus.</strong></span> <span class='ocrx_word' id='word_1_52' title='bbox 223 1358 315 1451; x_wconf 83' lang='lat' dir='ltr'>Quid</span> <span class='ocrx_word' id='word_1_53' title='bbox 330 1355 608 1428; x_wconf 77' lang='lat' dir='ltr'><strong>feceraleana.</strong></span> <span class='ocrx_word' id='word_1_54' title='bbox 627 1355 765 1427; x_wconf 89' lang='lat' dir='ltr'><strong>Paulum</strong></span> <span class='ocrx_word' id='word_1_55' title='bbox 780 1358 949 1452; x_wconf 82' lang='lat' dir='ltr'><strong>quiddam.</strong></span> <span class='ocrx_word' id='word_1_56' title='bbox 968 1364 1078 1432; x_wconf 79' lang='lat' dir='ltr'><strong>Prrn.</strong></span> <span class='ocrx_word' id='word_1_57' title='bbox 1093 1361 1184 1433; x_wconf 82' lang='lat' dir='ltr'><strong>Eho!</strong></span> 
     </span>
     <span class='ocr_line' id='line_1_11' title="bbox 277 1461 1187 1558; baseline -0.002 -24"><span class='ocrx_word' id='word_1_58' title='bbox 277 1463 434 1549; x_wconf 87' lang='lat' dir='ltr'><strong>Paulum,</strong></span> <span class='ocrx_word' id='word_1_59' title='bbox 454 1461 638 1558; x_wconf 82' lang='lat' dir='ltr'><strong>impudens.</strong></span> <span class='ocrx_word' id='word_1_60' title='bbox 1149 1492 1187 1532; x_wconf 85' lang='lat' dir='ltr'><strong>sss</strong></span> 
     </span>
    </p>

    <p class='ocr_par' dir='ltr' id='par_1_8' title="bbox 118 1569 912 1668">
     <span class='ocr_line' id='line_1_12' title="bbox 118 1569 912 1668; baseline -0.001 -27"><span class='ocrx_word' id='word_1_61' title='bbox 118 1579 169 1642; x_wconf 82' lang='lat' dir='ltr'><strong>An</strong></span> <span class='ocrx_word' id='word_1_62' title='bbox 187 1569 326 1668; x_wconf 92' lang='lat' dir='ltr'><strong>paulum</strong></span> <span class='ocrx_word' id='word_1_63' title='bbox 344 1571 409 1640; x_wconf 90' lang='lat' dir='ltr'><strong>hoc</strong></span> <span class='ocrx_word' id='word_1_64' title='bbox 426 1593 498 1639; x_wconf 88' lang='lat' dir='ltr'><strong>esse</strong></span> <span class='ocrx_word' id='word_1_65' title='bbox 516 1569 576 1638; x_wconf 90' lang='lat' dir='ltr'><strong>tibi</strong></span> <span class='ocrx_word' id='word_1_66' title='bbox 590 1569 738 1657; x_wconf 84' lang='lat' dir='ltr'><strong>videtur,</strong></span> <span class='ocrx_word' id='word_1_67' title='bbox 751 1570 912 1665; x_wconf 80' lang='lat' dir='ltr'><strong>virginem</strong></span> 
     </span>
    </p>

    <p class='ocr_par' dir='ltr' id='par_1_9' title="bbox 118 1673 998 1750">
     <span class='ocr_line' id='line_1_13' title="bbox 118 1673 998 1750; baseline -0.001 -2"><span class='ocrx_word' id='word_1_68' title='bbox 118 1681 243 1750; x_wconf 85' lang='lat' dir='ltr'><strong>Vitiare</strong></span> <span class='ocrx_word' id='word_1_69' title='bbox 261 1673 390 1748; x_wconf 84' lang='lat' dir='ltr'><strong>civem?</strong></span> <span class='ocrx_word' id='word_1_70' title='bbox 405 1678 525 1746; x_wconf 78' lang='lat' dir='ltr'><strong>Cuma.</strong></span> <span class='ocrx_word' id='word_1_71' title='bbox 548 1677 753 1746; x_wconf 86' lang='lat' dir='ltr'><strong>Conservam</strong></span> <span class='ocrx_word' id='word_1_72' title='bbox 774 1701 845 1746; x_wconf 87' lang='lat' dir='ltr'><strong>esse</strong></span> <span class='ocrx_word' id='word_1_73' title='bbox 866 1677 998 1747; x_wconf 86' lang='lat' dir='ltr'><strong>credidi.</strong></span> 
     </span>
    </p>
   </div>
   <div class='ocr_carea' id='block_1_3' title="bbox 117 1876 1190 2432">
    <p class='ocr_par' dir='ltr' id='par_1_10' title="bbox 117 1876 1190 2352">
     <span class='ocr_line' id='line_1_14' title="bbox 157 1876 1190 1950; baseline 0.005 -15"><span class='ocrx_word' id='word_1_74' title='bbox 157 1881 225 1936; x_wconf 82' lang='lat'><strong>850.</strong></span> <span class='ocrx_word' id='word_1_75' title='bbox 248 1878 415 1949; x_wconf 74' lang='lat' dir='ltr'><strong>Aufugistr&#39;a&#39;.</strong></span> <span class='ocrx_word' id='word_1_76' title='bbox 439 1877 631 1948; x_wconf 82' lang='lat' dir='ltr'><strong>Exprobrantis</strong></span> <span class='ocrx_word' id='word_1_77' title='bbox 677 1895 771 1944; x_wconf 75' lang='lat' dir='ltr'><strong>versu3</strong></span> <span class='ocrx_word' id='word_1_78' title='bbox 782 1876 829 1931; x_wconf 91' lang='lat' dir='ltr'><strong>sed</strong></span> <span class='ocrx_word' id='word_1_79' title='bbox 845 1878 871 1932; x_wconf 87' lang='lat' dir='ltr'><strong>in</strong></span> <span class='ocrx_word' id='word_1_80' title='bbox 885 1894 1009 1950; x_wconf 90' lang='lat' dir='ltr'><strong>sequente</strong></span> <span class='ocrx_word' id='word_1_81' title='bbox 1022 1879 1086 1936; x_wconf 82' lang='lat' dir='ltr'><strong>dant</strong></span> <span class='ocrx_word' id='word_1_82' title='bbox 1097 1904 1190 1941; x_wconf 88' lang='lat' dir='ltr'><strong>omues</strong></span> 
     </span>
     <span class='ocr_line' id='line_1_15' title="bbox 118 1956 1187 2034; baseline -0.006 -20"><span class='ocrx_word' id='word_1_83' title='bbox 118 1973 156 2014; x_wconf 85' lang='lat' dir='ltr'><strong>est</strong></span> <span class='ocrx_word' id='word_1_84' title='bbox 177 1959 348 2032; x_wconf 76' lang='lat' dir='ltr'><strong>potiusquam</strong></span> <span class='ocrx_word' id='word_1_85' title='bbox 371 1956 571 2028; x_wconf 73' lang='lat' dir='ltr'><strong>interrogantis.</strong></span> <span class='ocrx_word' id='word_1_86' title='bbox 590 1987 631 2001; x_wconf 91' lang='lat'>-</span> <span class='ocrx_word' id='word_1_87' title='bbox 673 1960 894 2030; x_wconf 73' lang='lat' dir='ltr'><strong>posim,praeter</strong></span> <span class='ocrx_word' id='word_1_88' title='bbox 904 1959 1002 2029; x_wconf 91' lang='lat' dir='ltr'><strong>Delpb.</strong></span> <span class='ocrx_word' id='word_1_89' title='bbox 1013 1959 1187 2034; x_wconf 65' lang='lat' dir='ltr'><strong>-Etsopam</strong></span> 
     </span>
     <span class='ocr_line' id='line_1_16' title="bbox 120 2031 1185 2109; baseline -0.002 -19"><span class='ocrx_word' id='word_1_90' title='bbox 120 2040 224 2093; x_wconf 78' lang='lat' dir='ltr'><strong>Factum</strong></span> <span class='ocrx_word' id='word_1_91' title='bbox 239 2053 293 2103; x_wconf 87' lang='lat' dir='ltr'><strong>est,</strong></span> <span class='ocrx_word' id='word_1_92' title='bbox 308 2057 358 2109; x_wconf 89' lang='lat' dir='ltr'><strong>pro</strong></span> <span class='ocrx_word' id='word_1_93' title='bbox 372 2039 432 2104; x_wconf 87' lang='lat' dir='ltr'><strong>feci.</strong></span> <span class='ocrx_word' id='word_1_94' title='bbox 447 2065 488 2076; x_wconf 90' lang='lat'><strong>--</strong></span> <span class='ocrx_word' id='word_1_95' title='bbox 501 2034 573 2088; x_wconf 83' lang='lat' dir='ltr'><strong>Satin</strong></span> <span class='ocrx_word' id='word_1_96' title='bbox 589 2037 628 2101; x_wconf 84' lang='lat' dir='ltr'><strong>id,</strong></span> <span class='ocrx_word' id='word_1_97' title='bbox 677 2037 737 2102; x_wconf 80' lang='lat' dir='ltr'><strong>lum,</strong></span> <span class='ocrx_word' id='word_1_98' title='bbox 748 2037 954 2106; x_wconf 83' lang='lat' dir='ltr'><strong>impudetts.Edd.</strong></span> <span class='ocrx_word' id='word_1_99' title='bbox 968 2031 1057 2094; x_wconf 86' lang='lat' dir='ltr'><strong>West.</strong></span> <span class='ocrx_word' id='word_1_100' title='bbox 1069 2055 1094 2094; x_wconf 81' lang='lat' dir='ltr'><strong>et</strong></span> <span class='ocrx_word' id='word_1_101' title='bbox 1104 2045 1185 2097; x_wconf 75' lang='lat' dir='ltr'><strong>Zeun,</strong></span> 
     </span>
     <span class='ocr_line' id='line_1_17' title="bbox 117 2115 1188 2190; baseline 0.004 -17"><span class='ocrx_word' id='word_1_102' title='bbox 117 2138 152 2173; x_wconf 82' lang='lat' dir='ltr'><strong>sc.</strong></span> <span class='ocrx_word' id='word_1_103' title='bbox 164 2122 296 2190; x_wconf 72' lang='lat' dir='ltr'><strong>aufugisse.</strong></span> <span class='ocrx_word' id='word_1_104' title='bbox 308 2117 379 2170; x_wconf 79' lang='lat' dir='ltr'><strong>Setia</strong></span> <span class='ocrx_word' id='word_1_105' title='bbox 395 2117 439 2169; x_wconf 83' lang='lat' dir='ltr'><strong>tibi</strong></span> <span class='ocrx_word' id='word_1_106' title='bbox 448 2115 552 2186; x_wconf 72' lang='lat' dir='ltr'><strong>placet?</strong></span> <span class='ocrx_word' id='word_1_107' title='bbox 565 2117 631 2170; x_wconf 77' lang='lat' dir='ltr'><strong>Tua·</strong></span> <span class='ocrx_word' id='word_1_108' title='bbox 677 2117 800 2169; x_wconf 91' lang='lat' dir='ltr'><strong>tribuunt</strong></span> <span class='ocrx_word' id='word_1_109' title='bbox 820 2117 875 2170; x_wconf 79' lang='lat' dir='ltr'><strong>haec</strong></span> <span class='ocrx_word' id='word_1_110' title='bbox 892 2117 1007 2184; x_wconf 83' lang='lat' dir='ltr'><strong>Thaidi,</strong></span> <span class='ocrx_word' id='word_1_111' title='bbox 1027 2120 1135 2176; x_wconf 90' lang='lat' dir='ltr'><strong>fortasse</strong></span> <span class='ocrx_word' id='word_1_112' title='bbox 1155 2141 1188 2177; x_wconf 87' lang='lat' dir='ltr'><strong>ex</strong></span> 
     </span>
     <span class='ocr_line' id='line_1_18' title="bbox 117 2193 1189 2272; baseline -0.001 -20"><span class='ocrx_word' id='word_1_113' title='bbox 117 2199 284 2254; x_wconf 81' lang='lat' dir='ltr'><strong>conscientia</strong></span> <span class='ocrx_word' id='word_1_114' title='bbox 302 2215 357 2250; x_wconf 88' lang='lat' dir='ltr'><strong>non</strong></span> <span class='ocrx_word' id='word_1_115' title='bbox 369 2199 507 2250; x_wconf 88' lang='lat' dir='ltr'><strong>molestum</strong></span> <span class='ocrx_word' id='word_1_116' title='bbox 524 2193 631 2249; x_wconf 79' lang='lat' dir='ltr'><strong>esti-</strong></span> <span class='ocrx_word' id='word_1_117' title='bbox 677 2213 820 2267; x_wconf 88' lang='lat' dir='ltr'><strong>operarum</strong></span> <span class='ocrx_word' id='word_1_118' title='bbox 834 2215 933 2250; x_wconf 89' lang='lat' dir='ltr'><strong>errore.</strong></span> <span class='ocrx_word' id='word_1_119' title='bbox 948 2198 1039 2254; x_wconf 75' lang='lat' dir='ltr'><strong>Brutis.</strong></span> <span class='ocrx_word' id='word_1_120' title='bbox 1051 2201 1111 2272; x_wconf 80' lang='lat' dir='ltr'><strong>Ipse</strong></span> <span class='ocrx_word' id='word_1_121' title='bbox 1126 2221 1189 2256; x_wconf 76' lang='lat' dir='ltr'><strong>cos·</strong></span> 
     </span>
     <span class='ocr_line' id='line_1_19' title="bbox 117 2275 1186 2352; baseline -0.001 -19"><span class='ocrx_word' id='word_1_122' title='bbox 117 2280 184 2333; x_wconf 82' lang='lat' dir='ltr'><strong>Non.</strong></span> <span class='ocrx_word' id='word_1_123' title='bbox 199 2278 282 2344; x_wconf 82' lang='lat' dir='ltr'><strong>Quasi</strong></span> <span class='ocrx_word' id='word_1_124' title='bbox 293 2275 407 2352; x_wconf 81' lang='lat' dir='ltr'><strong>diceret,</strong></span> <span class='ocrx_word' id='word_1_125' title='bbox 419 2295 454 2326; x_wconf 86' lang='lat' dir='ltr'><strong>me</strong></span> <span class='ocrx_word' id='word_1_126' title='bbox 463 2277 570 2340; x_wconf 78' lang='lat' dir='ltr'><strong>paenitet.</strong></span> <span class='ocrx_word' id='word_1_127' title='bbox 677 2275 745 2328; x_wconf 80' lang='lat' dir='ltr'><strong>rexit</strong></span> <span class='ocrx_word' id='word_1_128' title='bbox 762 2275 850 2329; x_wconf 87' lang='lat' dir='ltr'><strong>West.</strong></span> <span class='ocrx_word' id='word_1_129' title='bbox 863 2277 891 2329; x_wconf 86' lang='lat' dir='ltr'><strong>ia</strong></span> <span class='ocrx_word' id='word_1_130' title='bbox 911 2277 1020 2332; x_wconf 80' lang='lat' dir='ltr'><strong>Erratis.</strong></span> <span class='ocrx_word' id='word_1_131' title='bbox 1041 2311 1080 2322; x_wconf 92' lang='lat'><strong>—-</strong></span> <span class='ocrx_word' id='word_1_132' title='bbox 1101 2282 1186 2350; x_wconf 80' lang='lat' dir='ltr'><strong>Quid,</strong></span> 
     </span>
    </p>

    <p class='ocr_par' dir='ltr' id='par_1_11' title="bbox 159 2352 1187 2432">
     <span class='ocr_line' id='line_1_20' title="bbox 159 2352 1187 2432; baseline -0.01 -15"><span class='ocrx_word' id='word_1_133' title='bbox 159 2361 228 2418; x_wconf 77' lang='grc'><strong>851.</strong></span> <span class='ocrx_word' id='word_1_134' title='bbox 236 2358 374 2410; x_wconf 82' lang='lat' dir='ltr'><strong>Abiturum.</strong></span> <span class='ocrx_word' id='word_1_135' title='bbox 380 2356 424 2408; x_wconf 87' lang='lat' dir='ltr'><strong>Sic</strong></span> <span class='ocrx_word' id='word_1_136' title='bbox 431 2352 564 2407; x_wconf 89' lang='lat' dir='ltr'><strong>edidimus</strong></span> <span class='ocrx_word' id='word_1_137' title='bbox 571 2373 634 2406; x_wconf 90' lang='lat' dir='ltr'><strong>con·</strong></span> <span class='ocrx_word' id='word_1_138' title='bbox 677 2373 757 2426; x_wconf 87' lang='lat' dir='ltr'><strong>quam</strong></span> <span class='ocrx_word' id='word_1_139' title='bbox 769 2355 884 2425; x_wconf 85' lang='lat' dir='ltr'><strong>culpam.</strong></span> <span class='ocrx_word' id='word_1_140' title='bbox 898 2357 1062 2424; x_wconf 80' lang='lat' dir='ltr'><strong>-Paulum,</strong></span> <span class='ocrx_word' id='word_1_141' title='bbox 1074 2379 1124 2432; x_wconf 89' lang='lat' dir='ltr'><strong>pro</strong></span> <span class='ocrx_word' id='word_1_142' title='bbox 1139 2359 1187 2416; x_wconf 83' lang='lat' dir='ltr'><strong>sd.</strong></span> 
     </span>
    </p>
   </div>
   <div class='ocr_carea' id='block_1_4' title="bbox 117 2433 1229 3624">
    <p class='ocr_par' dir='ltr' id='par_1_12' title="bbox 117 2433 909 2506">
     <span class='ocr_line' id='line_1_21' title="bbox 117 2433 909 2506; baseline -0.006 -13"><span class='ocrx_word' id='word_1_143' title='bbox 117 2453 157 2492; x_wconf 78' lang='lat' dir='ltr'><strong>tra</strong></span> <span class='ocrx_word' id='word_1_144' title='bbox 168 2440 239 2492; x_wconf 86' lang='lat' dir='ltr'><strong>Peri.</strong></span> <span class='ocrx_word' id='word_1_145' title='bbox 257 2437 335 2490; x_wconf 86' lang='lat' dir='ltr'><strong>Both.</strong></span> <span class='ocrx_word' id='word_1_146' title='bbox 351 2449 377 2490; x_wconf 90' lang='lat' dir='ltr'><strong>et</strong></span> <span class='ocrx_word' id='word_1_147' title='bbox 387 2435 465 2506; x_wconf 88' lang='lat' dir='ltr'><strong>Valp.</strong></span> <span class='ocrx_word' id='word_1_148' title='bbox 478 2433 526 2504; x_wconf 89' lang='lat' dir='ltr'><strong>qui</strong></span> <span class='ocrx_word' id='word_1_149' title='bbox 539 2433 633 2504; x_wconf 78' lang='lat' dir='ltr'><strong>legunt</strong></span> <span class='ocrx_word' id='word_1_150' title='bbox 676 2433 775 2504; x_wconf 82' lang='lat' dir='ltr'><strong>jectiro</strong></span> <span class='ocrx_word' id='word_1_151' title='bbox 789 2435 909 2488; x_wconf 83' lang='lat' dir='ltr'><strong>sumitur.</strong></span> 
     </span>
    </p>

    <p class='ocr_par' dir='ltr' id='par_1_13' title="bbox 118 2513 1189 2832">
     <span class='ocr_line' id='line_1_22' title="bbox 118 2513 1188 2589; baseline 0 -19"><span class='ocrx_word' id='word_1_152' title='bbox 118 2520 315 2572; x_wconf 71' lang='lat' dir='ltr'><strong>habituram-</strong></span> <span class='ocrx_word' id='word_1_153' title='bbox 327 2518 425 2586; x_wconf 75' lang='lat' dir='ltr'><strong>imputes</strong></span> <span class='ocrx_word' id='word_1_154' title='bbox 442 2513 571 2566; x_wconf 84' lang='lat' dir='ltr'><strong>abiturum.</strong></span> <span class='ocrx_word' id='word_1_155' title='bbox 586 2513 629 2566; x_wconf 88' lang='lat' dir='ltr'><strong>Sc.</strong></span> <span class='ocrx_word' id='word_1_156' title='bbox 718 2515 782 2566; x_wconf 84' lang='lat'><strong>856.</strong></span> <span class='ocrx_word' id='word_1_157' title='bbox 804 2513 861 2566; x_wconf 86' lang='lat' dir='ltr'><strong>Hoc</strong></span> <span class='ocrx_word' id='word_1_158' title='bbox 881 2535 938 2570; x_wconf 82' lang='lat' dir='ltr'><strong>esse.</strong></span> <span class='ocrx_word' id='word_1_159' title='bbox 959 2515 1055 2589; x_wconf 85' lang='lat' dir='ltr'><strong>Delph.</strong></span> <span class='ocrx_word' id='word_1_160' title='bbox 1078 2519 1188 2576; x_wconf 77' lang='lat' dir='ltr'><strong>exhibet</strong></span> 
     </span>
     <span class='ocr_line' id='line_1_23' title="bbox 118 2593 1186 2667; baseline 0.005 -17"><span class='ocrx_word' id='word_1_161' title='bbox 118 2599 175 2652; x_wconf 82' lang='lat' dir='ltr'><strong>lore</strong></span> <span class='ocrx_word' id='word_1_162' title='bbox 187 2611 220 2652; x_wconf 92' lang='lat' dir='ltr'><strong>ut</strong></span> <span class='ocrx_word' id='word_1_163' title='bbox 232 2616 266 2650; x_wconf 87' lang='lat' dir='ltr'><strong>ex</strong></span> <span class='ocrx_word' id='word_1_164' title='bbox 278 2597 329 2649; x_wconf 88' lang='lat' dir='ltr'><strong>hac</strong></span> <span class='ocrx_word' id='word_1_165' title='bbox 340 2595 417 2667; x_wconf 86' lang='lat' dir='ltr'><strong>culpa</strong></span> <span class='ocrx_word' id='word_1_166' title='bbox 433 2605 458 2646; x_wconf 86' lang='lat' dir='ltr'><strong>te</strong></span> <span class='ocrx_word' id='word_1_167' title='bbox 469 2594 632 2664; x_wconf 89' lang='lat' dir='ltr'><strong>impunitum</strong></span> <span class='ocrx_word' id='word_1_168' title='bbox 677 2613 726 2646; x_wconf 83' lang='lat' dir='ltr'><strong>esse</strong></span> <span class='ocrx_word' id='word_1_169' title='bbox 740 2595 791 2645; x_wconf 74' lang='lat' dir='ltr'><strong>tos.</strong></span> <span class='ocrx_word' id='word_1_170' title='bbox 804 2623 844 2636; x_wconf 91' lang='lat'><strong>-·</strong></span> <span class='ocrx_word' id='word_1_171' title='bbox 863 2593 892 2646; x_wconf 89' lang='lat' dir='ltr'><em>V</em></span> <span class='ocrx_word' id='word_1_172' title='bbox 890 2599 989 2665; x_wconf 67' lang='lat' dir='ltr'><strong>irginem</strong></span> <span class='ocrx_word' id='word_1_173' title='bbox 1003 2600 1093 2652; x_wconf 77' lang='lat' dir='ltr'><strong>vitiare</strong></span> <span class='ocrx_word' id='word_1_174' title='bbox 1105 2604 1186 2654; x_wconf 80' lang='lat' dir='ltr'><strong>civem.</strong></span> 
     </span>
     <span class='ocr_line' id='line_1_24' title="bbox 119 2672 1189 2750; baseline -0.005 -19"><span class='ocrx_word' id='word_1_175' title='bbox 119 2691 145 2731; x_wconf 93' lang='lat' dir='ltr'><strong>et</strong></span> <span class='ocrx_word' id='word_1_176' title='bbox 157 2673 630 2750; x_wconf 76' lang='lat' dir='ltr'><strong>inultumexpedias.-Unamltane,</strong></span> <span class='ocrx_word' id='word_1_177' title='bbox 677 2672 749 2726; x_wconf 81' lang='lat' dir='ltr'><strong>Rene</strong></span> <span class='ocrx_word' id='word_1_178' title='bbox 766 2672 856 2727; x_wconf 91' lang='lat' dir='ltr'><strong>intulit</strong></span> <span class='ocrx_word' id='word_1_179' title='bbox 874 2677 961 2739; x_wconf 67' lang='lat' dir='ltr'><strong>daem,</strong></span> <span class='ocrx_word' id='word_1_180' title='bbox 979 2675 1052 2747; x_wconf 89' lang='lat' dir='ltr'><strong>quod</strong></span> <span class='ocrx_word' id='word_1_181' title='bbox 1069 2679 1131 2750; x_wconf 78' lang='lat' dir='ltr'><strong>plus</strong></span> <span class='ocrx_word' id='word_1_182' title='bbox 1149 2693 1189 2734; x_wconf 69' lang='lat' dir='ltr'><strong>est</strong></span> 
     </span>
     <span class='ocr_line' id='line_1_25' title="bbox 119 2751 1188 2832; baseline 0.003 -22"><span class='ocrx_word' id='word_1_183' title='bbox 119 2757 234 2829; x_wconf 84' lang='lat' dir='ltr'><strong>ideoque</strong></span> <span class='ocrx_word' id='word_1_184' title='bbox 244 2755 358 2828; x_wconf 87' lang='lat' dir='ltr'><strong>primam</strong></span> <span class='ocrx_word' id='word_1_185' title='bbox 370 2771 452 2826; x_wconf 86' lang='lat' dir='ltr'><strong>qnam</strong></span> <span class='ocrx_word' id='word_1_186' title='bbox 462 2751 565 2806; x_wconf 82' lang='lat' dir='ltr'><strong>admisi.</strong></span> <span class='ocrx_word' id='word_1_187' title='bbox 678 2771 757 2824; x_wconf 88' lang='lat' dir='ltr'><strong>quam</strong></span> <span class='ocrx_word' id='word_1_188' title='bbox 770 2755 889 2822; x_wconf 74' lang='lat' dir='ltr'><strong>uirginem</strong></span> <span class='ocrx_word' id='word_1_189' title='bbox 902 2757 998 2808; x_wconf 79' lang='lat' dir='ltr'><strong>uitiata.</strong></span> <span class='ocrx_word' id='word_1_190' title='bbox 1012 2757 1116 2820; x_wconf 75' lang='grc' dir='ltr'><strong>Δῦξησις</strong></span> <span class='ocrx_word' id='word_1_191' title='bbox 1128 2779 1188 2832; x_wconf 73' lang='lat' dir='ltr'><strong>gra·</strong></span> 
     </span>
    </p>

    <p class='ocr_par' dir='ltr' id='par_1_14' title="bbox 160 2829 960 2906">
     <span class='ocr_line' id='line_1_26' title="bbox 160 2829 960 2906; baseline -0.005 -16"><span class='ocrx_word' id='word_1_192' title='bbox 160 2839 235 2900; x_wconf 78' lang='lat'><strong>852,</strong></span> <span class='ocrx_word' id='word_1_193' title='bbox 260 2853 317 2906; x_wconf 88' lang='lat' dir='ltr'><strong>sqq.</strong></span> <span class='ocrx_word' id='word_1_194' title='bbox 344 2835 446 2887; x_wconf 80' lang='lat' dir='ltr'><strong>Amitte.</strong></span> <span class='ocrx_word' id='word_1_195' title='bbox 474 2833 631 2884; x_wconf 75' lang='lat' dir='ltr'><strong>Lucrionem</strong></span> <span class='ocrx_word' id='word_1_196' title='bbox 677 2829 761 2884; x_wconf 89' lang='lat' dir='ltr'><strong>datim</strong></span> <span class='ocrx_word' id='word_1_197' title='bbox 776 2833 850 2885; x_wconf 87' lang='lat' dir='ltr'><strong>iacta.</strong></span> <span class='ocrx_word' id='word_1_198' title='bbox 867 2831 960 2886; x_wconf 81' lang='lat' dir='ltr'><strong>Donat.</strong></span> 
     </span>
    </p>

    <p class='ocr_par' dir='ltr' id='par_1_15' title="bbox 119 2910 1229 3624">
     <span class='ocr_line' id='line_1_27' title="bbox 119 2910 1185 2981; baseline 0.001 -9"><span class='ocrx_word' id='word_1_199' title='bbox 119 2917 189 2972; x_wconf 85' lang='lat' dir='ltr'><strong>hauc</strong></span> <span class='ocrx_word' id='word_1_200' title='bbox 211 2913 355 2968; x_wconf 86' lang='lat' dir='ltr'><strong>admittunt</strong></span> <span class='ocrx_word' id='word_1_201' title='bbox 374 2914 450 2966; x_wconf 74' lang='lat' dir='ltr'><strong>liant.</strong></span> <span class='ocrx_word' id='word_1_202' title='bbox 471 2912 550 2964; x_wconf 88' lang='lat' dir='ltr'><strong>Both.</strong></span> <span class='ocrx_word' id='word_1_203' title='bbox 571 2910 630 2980; x_wconf 90' lang='lat' dir='ltr'><strong>Bip.</strong></span> <span class='ocrx_word' id='word_1_204' title='bbox 719 2911 993 2981; x_wconf 79' lang='lat' dir='ltr'><strong>857.Coaservamesse</strong></span> <span class='ocrx_word' id='word_1_205' title='bbox 1002 2915 1101 2970; x_wconf 83' lang='lat' dir='ltr'><strong>credidi.</strong></span> <span class='ocrx_word' id='word_1_206' title='bbox 1109 2919 1185 2973; x_wconf 77' lang='lat' dir='ltr'><strong>liant.</strong></span> 
     </span>
     <span class='ocr_line' id='line_1_28' title="bbox 121 2989 1186 3060; baseline -0.009 -9"><span class='ocrx_word' id='word_1_207' title='bbox 121 2997 189 3050; x_wconf 88' lang='lat' dir='ltr'><strong>Peri.</strong></span> <span class='ocrx_word' id='word_1_208' title='bbox 205 3009 232 3048; x_wconf 89' lang='lat' dir='ltr'><strong>et</strong></span> <span class='ocrx_word' id='word_1_209' title='bbox 246 3011 303 3046; x_wconf 88' lang='lat' dir='ltr'><strong>eam</strong></span> <span class='ocrx_word' id='word_1_210' title='bbox 315 2991 441 3044; x_wconf 84' lang='lat' dir='ltr'><strong>Meliores</strong></span> <span class='ocrx_word' id='word_1_211' title='bbox 453 3003 525 3043; x_wconf 88' lang='lat' dir='ltr'><strong>recte</strong></span> <span class='ocrx_word' id='word_1_212' title='bbox 536 2989 634 3043; x_wconf 90' lang='lat' dir='ltr'><strong>habere</strong></span> <span class='ocrx_word' id='word_1_213' title='bbox 677 2991 786 3060; x_wconf 86' lang='lat' dir='ltr'><strong>reponit</strong></span> <span class='ocrx_word' id='word_1_214' title='bbox 801 3011 874 3043; x_wconf 82' lang='lat' dir='ltr'><strong>meam</strong></span> <span class='ocrx_word' id='word_1_215' title='bbox 886 3013 1020 3048; x_wconf 72' lang='lat' dir='ltr'><strong>conservam</strong></span> <span class='ocrx_word' id='word_1_216' title='bbox 1035 2997 1134 3051; x_wconf 82' lang='lat' dir='ltr'><strong>credidi.</strong></span> <span class='ocrx_word' id='word_1_217' title='bbox 1147 3031 1186 3041; x_wconf 86' lang='grc'><strong>.-</strong></span> 
     </span>
     <span class='ocr_line' id='line_1_29' title="bbox 121 3063 1229 3142; baseline 0.003 -14"><span class='ocrx_word' id='word_1_218' title='bbox 121 3069 544 3134; x_wconf 76' lang='lat' dir='ltr'><strong>adnotatllubuls.in1)ict.hlii,</strong></span> <span class='ocrx_word' id='word_1_219' title='bbox 557 3071 631 3121; x_wconf 86' lang='lat' dir='ltr'><strong>mitte.</strong></span> <span class='ocrx_word' id='word_1_220' title='bbox 680 3069 822 3122; x_wconf 76' lang='lat' dir='ltr'><strong>Conservam</strong></span> <span class='ocrx_word' id='word_1_221' title='bbox 841 3092 889 3122; x_wconf 85' lang='lat' dir='ltr'><strong>esse</strong></span> <span class='ocrx_word' id='word_1_222' title='bbox 906 3073 1003 3126; x_wconf 73' lang='lat' dir='ltr'><strong>creduli.</strong></span> <span class='ocrx_word' id='word_1_223' title='bbox 1018 3073 1186 3142; x_wconf 73' lang='lat' dir='ltr'><strong>boensem,</strong></span> <span class='ocrx_word' id='word_1_224' title='bbox 1226 3063 1229 3066; x_wconf 26' lang='grc' dir='ltr'>Ι</span> 
     </span>
     <span class='ocr_line' id='line_1_30' title="bbox 121 3147 1186 3218; baseline 0 -9"><span class='ocrx_word' id='word_1_225' title='bbox 121 3155 202 3209; x_wconf 86' lang='lat' dir='ltr'><strong>Liud.</strong></span> <span class='ocrx_word' id='word_1_226' title='bbox 214 3155 299 3206; x_wconf 79' lang='lat' dir='ltr'><strong>Zeum</strong></span> <span class='ocrx_word' id='word_1_227' title='bbox 310 3154 400 3204; x_wconf 87' lang='lat' dir='ltr'><strong>omitte.</strong></span> <span class='ocrx_word' id='word_1_228' title='bbox 412 3149 465 3202; x_wconf 81' lang='lat' dir='ltr'><strong>Alii</strong></span> <span class='ocrx_word' id='word_1_229' title='bbox 477 3149 579 3202; x_wconf 80' lang='lat' dir='ltr'><strong>dimitte.</strong></span> <span class='ocrx_word' id='word_1_230' title='bbox 592 3179 632 3190; x_wconf 88' lang='lat'>-</span> <span class='ocrx_word' id='word_1_231' title='bbox 677 3161 708 3200; x_wconf 89' lang='lat' dir='ltr'><strong>ut</strong></span> <span class='ocrx_word' id='word_1_232' title='bbox 724 3147 833 3216; x_wconf 87' lang='lat' dir='ltr'><strong>diceret,</strong></span> <span class='ocrx_word' id='word_1_233' title='bbox 849 3171 938 3204; x_wconf 81' lang='lat' dir='ltr'><strong>sertum</strong></span> <span class='ocrx_word' id='word_1_234' title='bbox 952 3173 1002 3206; x_wconf 83' lang='lat' dir='ltr'><strong>esse</strong></span> <span class='ocrx_word' id='word_1_235' title='bbox 1019 3157 1123 3218; x_wconf 80' lang='lat' dir='ltr'><strong>credidi,</strong></span> <span class='ocrx_word' id='word_1_236' title='bbox 1141 3155 1186 3209; x_wconf 87' lang='lat' dir='ltr'><strong>sed</strong></span> 
     </span>
     <span class='ocr_line' id='line_1_31' title="bbox 121 3227 1187 3301; baseline -0.003 -12"><span class='ocrx_word' id='word_1_237' title='bbox 121 3235 252 3288; x_wconf 73' lang='lat' dir='ltr'><strong>daritiam.</strong></span> <span class='ocrx_word' id='word_1_238' title='bbox 266 3233 299 3284; x_wconf 90' lang='lat' dir='ltr'><strong>In</strong></span> <span class='ocrx_word' id='word_1_239' title='bbox 314 3231 362 3285; x_wconf 88' lang='lat' dir='ltr'><strong>lib.</strong></span> <span class='ocrx_word' id='word_1_240' title='bbox 376 3231 467 3301; x_wconf 85' lang='lat' dir='ltr'><strong>script.</strong></span> <span class='ocrx_word' id='word_1_241' title='bbox 481 3229 579 3281; x_wconf 88' lang='lat' dir='ltr'><strong>Donati</strong></span> <span class='ocrx_word' id='word_1_242' title='bbox 594 3229 632 3280; x_wconf 88' lang='lat' dir='ltr'><strong>le·</strong></span> <span class='ocrx_word' id='word_1_243' title='bbox 677 3227 869 3284; x_wconf 75' lang='lat' dir='ltr'><strong>admirabiliter</strong></span> <span class='ocrx_word' id='word_1_244' title='bbox 895 3252 1029 3284; x_wconf 75' lang='lat' dir='ltr'><strong>consertam</strong></span> <span class='ocrx_word' id='word_1_245' title='bbox 1054 3232 1128 3288; x_wconf 88' lang='lat' dir='ltr'><strong>dixit.</strong></span> <span class='ocrx_word' id='word_1_246' title='bbox 1151 3237 1187 3288; x_wconf 89' lang='lat' dir='ltr'><strong>Et</strong></span> 
     </span>
     <span class='ocr_line' id='line_1_32' title="bbox 122 3305 1186 3385; baseline -0.005 -16"><span class='ocrx_word' id='word_1_247' title='bbox 122 3317 192 3385; x_wconf 75' lang='lat' dir='ltr'><strong>gitur</strong></span> <span class='ocrx_word' id='word_1_248' title='bbox 206 3315 328 3366; x_wconf 64' lang='lat' dir='ltr'><strong>stetim.</strong></span> <span class='ocrx_word' id='word_1_249' title='bbox 344 3343 385 3353; x_wconf 90' lang='lat'><strong>—</strong></span> <span class='ocrx_word' id='word_1_250' title='bbox 398 3311 464 3362; x_wconf 87' lang='lat' dir='ltr'><strong>Num</strong></span> <span class='ocrx_word' id='word_1_251' title='bbox 476 3329 550 3360; x_wconf 84' lang='lat' dir='ltr'><strong>msam</strong></span> <span class='ocrx_word' id='word_1_252' title='bbox 561 3310 632 3360; x_wconf 76' lang='lat' dir='ltr'><strong>steri·</strong></span> <span class='ocrx_word' id='word_1_253' title='bbox 677 3305 732 3362; x_wconf 89' lang='lat' dir='ltr'><strong>hoc</strong></span> <span class='ocrx_word' id='word_1_254' title='bbox 750 3309 851 3380; x_wconf 80' lang='lat' dir='ltr'><strong>ipsum,</strong></span> <span class='ocrx_word' id='word_1_255' title='bbox 867 3311 1052 3366; x_wconf 86' lang='lat' dir='ltr'><strong>miserabiliter</strong></span> <span class='ocrx_word' id='word_1_256' title='bbox 1067 3333 1186 3384; x_wconf 91' lang='lat' dir='ltr'><strong>pronun-</strong></span> 
     </span>
     <span class='ocr_line' id='line_1_33' title="bbox 124 3384 1187 3462; baseline -0.002 -15"><span class='ocrx_word' id='word_1_257' title='bbox 124 3401 179 3446; x_wconf 81' lang='lat' dir='ltr'><strong>ts&#39;am</strong></span> <span class='ocrx_word' id='word_1_258' title='bbox 189 3435 196 3460; x_wconf 85' lang='lat'>‚</span> <span class='ocrx_word' id='word_1_259' title='bbox 208 3405 258 3446; x_wconf 87' lang='lat' dir='ltr'><strong>etc.</strong></span> <span class='ocrx_word' id='word_1_260' title='bbox 272 3409 279 3443; x_wconf 90' lang='lat'>:</span> <span class='ocrx_word' id='word_1_261' title='bbox 292 3391 364 3443; x_wconf 86' lang='lat' dir='ltr'><strong>Num</strong></span> <span class='ocrx_word' id='word_1_262' title='bbox 373 3407 457 3442; x_wconf 89' lang='lat' dir='ltr'><strong>meam</strong></span> <span class='ocrx_word' id='word_1_263' title='bbox 470 3386 596 3440; x_wconf 83' lang='lat' dir='ltr'><strong>duritiam</strong></span> <span class='ocrx_word' id='word_1_264' title='bbox 607 3399 634 3440; x_wconf 89' lang='lat' dir='ltr'><strong>et</strong></span> <span class='ocrx_word' id='word_1_265' title='bbox 677 3384 797 3440; x_wconf 84' lang='lat' dir='ltr'><strong>tiendum</strong></span> <span class='ocrx_word' id='word_1_266' title='bbox 807 3402 859 3442; x_wconf 87' lang='lat' dir='ltr'><strong>est:</strong></span> <span class='ocrx_word' id='word_1_267' title='bbox 868 3403 995 3462; x_wconf 87' lang='lat' dir='ltr'><strong>tanquam</strong></span> <span class='ocrx_word' id='word_1_268' title='bbox 1003 3392 1187 3446; x_wconf 83' lang='lat' dir='ltr'><strong>miserabiliter</strong></span> 
     </span>
     <span class='ocr_line' id='line_1_34' title="bbox 123 3466 1186 3542; baseline -0.004 -15"><span class='ocrx_word' id='word_1_269' title='bbox 123 3472 306 3527; x_wconf 85' lang='lat' dir='ltr'><strong>crudelitatem</strong></span> <span class='ocrx_word' id='word_1_270' title='bbox 314 3469 434 3534; x_wconf 87' lang='lat' dir='ltr'><strong>timuisti,</strong></span> <span class='ocrx_word' id='word_1_271' title='bbox 442 3486 524 3540; x_wconf 88' lang='lat' dir='ltr'><strong>quam</strong></span> <span class='ocrx_word' id='word_1_272' title='bbox 532 3467 630 3539; x_wconf 71' lang='lat' dir='ltr'><strong>fugisti.</strong></span> <span class='ocrx_word' id='word_1_273' title='bbox 677 3466 819 3520; x_wconf 85' lang='lat' dir='ltr'><strong>crediderit</strong></span> <span class='ocrx_word' id='word_1_274' title='bbox 832 3487 983 3523; x_wconf 85' lang='lat' dir='ltr'><strong>conservam</strong></span> <span class='ocrx_word' id='word_1_275' title='bbox 995 3490 1064 3534; x_wconf 83' lang='lat' dir='ltr'><strong>esse,</strong></span> <span class='ocrx_word' id='word_1_276' title='bbox 1076 3490 1135 3542; x_wconf 85' lang='lat' dir='ltr'><strong>quas</strong></span> <span class='ocrx_word' id='word_1_277' title='bbox 1149 3472 1186 3523; x_wconf 90' lang='lat' dir='ltr'><strong>ci-</strong></span> 
     </span>
     <span class='ocr_line' id='line_1_35' title="bbox 123 3546 1186 3624; baseline -0.003 -17"><span class='ocrx_word' id='word_1_278' title='bbox 123 3585 161 3596; x_wconf 91' lang='lat'><strong>—-</strong></span> <span class='ocrx_word' id='word_1_279' title='bbox 178 3552 249 3624; x_wconf 81' lang='lat' dir='ltr'><strong>Quid</strong></span> <span class='ocrx_word' id='word_1_280' title='bbox 260 3552 335 3622; x_wconf 73' lang='lat' dir='ltr'><strong>s&#39;gt&#39;tm</strong></span> <span class='ocrx_word' id='word_1_281' title='bbox 346 3547 495 3602; x_wconf 79' lang='lat' dir='ltr'><strong>verebaris?</strong></span> <span class='ocrx_word' id='word_1_282' title='bbox 507 3579 546 3590; x_wconf 92' lang='lat'><em>-</em></span> <span class='ocrx_word' id='word_1_283' title='bbox 559 3548 633 3598; x_wconf 82' lang='lat' dir='ltr'><strong>Hane</strong></span> <span class='ocrx_word' id='word_1_284' title='bbox 677 3546 716 3598; x_wconf 81' lang='lat' dir='ltr'><strong>vis</strong></span> <span class='ocrx_word' id='word_1_285' title='bbox 726 3561 790 3612; x_wconf 82' lang='lat' dir='ltr'><strong>erat,</strong></span> <span class='ocrx_word' id='word_1_286' title='bbox 799 3560 877 3620; x_wconf 89' lang='lat' dir='ltr'><strong>atque</strong></span> <span class='ocrx_word' id='word_1_287' title='bbox 887 3567 943 3602; x_wconf 85' lang='lat' dir='ltr'><strong>earn</strong></span> <span class='ocrx_word' id='word_1_288' title='bbox 950 3551 1023 3621; x_wconf 82' lang='lat' dir='ltr'><strong>quasi</strong></span> <span class='ocrx_word' id='word_1_289' title='bbox 1032 3569 1186 3604; x_wconf 82' lang='lat' dir='ltr'><strong>conservam</strong></span> 
     </span>
    </p>
   </div>
   <div class='ocr_carea' id='block_1_5' title="bbox 124 3626 1298 3700">
    <p class='ocr_par' dir='ltr' id='par_1_16' title="bbox 124 3626 1298 3700">
     <span class='ocr_line' id='line_1_36' title="bbox 124 3626 1298 3700; baseline -0.004 -17"><span class='ocrx_word' id='word_1_290' title='bbox 124 3638 207 3698; x_wconf 82' lang='lat' dir='ltr'><strong>metui,</strong></span> <span class='ocrx_word' id='word_1_291' title='bbox 230 3650 259 3683; x_wconf 82' lang='lat' dir='ltr'><strong>ne</strong></span> <span class='ocrx_word' id='word_1_292' title='bbox 277 3649 313 3682; x_wconf 89' lang='lat' dir='ltr'><strong>me</strong></span> <span class='ocrx_word' id='word_1_293' title='bbox 332 3633 495 3680; x_wconf 67' lang='lat' dir='ltr'><strong>criminaretur</strong></span> <span class='ocrx_word' id='word_1_294' title='bbox 513 3627 565 3681; x_wconf 80' lang='lat' dir='ltr'><strong>titt.</strong></span> <span class='ocrx_word' id='word_1_295' title='bbox 581 3626 633 3678; x_wconf 89' lang='lat' dir='ltr'><strong>Per</strong></span> <span class='ocrx_word' id='word_1_296' title='bbox 677 3626 769 3678; x_wconf 87' lang='lat' dir='ltr'><strong>vitiare</strong></span> <span class='ocrx_word' id='word_1_297' title='bbox 793 3627 852 3697; x_wconf 74' lang='lat' dir='ltr'><strong>jure</strong></span> <span class='ocrx_word' id='word_1_298' title='bbox 877 3629 1002 3700; x_wconf 89' lang='lat' dir='ltr'><strong>potuerit.</strong></span> <span class='ocrx_word' id='word_1_299' title='bbox 1024 3628 1117 3682; x_wconf 82' lang='lat' dir='ltr'><strong>Donat.</strong></span> <span class='ocrx_word' id='word_1_300' title='bbox 1145 3661 1184 3672; x_wconf 89' lang='lat'><em>-</em></span> <span class='ocrx_word' id='word_1_301' title='bbox 1296 3689 1298 3696; x_wconf 33' lang='grc' dir='ltr'>Ι</span> 
     </span>
    </p>
   </div>
   <div class='ocr_carea' id='block_1_6' title="bbox 124 3703 1186 4098">
    <p class='ocr_par' dir='ltr' id='par_1_17' title="bbox 124 3703 1186 4098">
     <span class='ocr_line' id='line_1_37' title="bbox 124 3703 1185 3776; baseline 0 -12"><span class='ocrx_word' id='word_1_302' title='bbox 124 3712 318 3765; x_wconf 86' lang='lat' dir='ltr'><strong>hellenismum.</strong></span> <span class='ocrx_word' id='word_1_303' title='bbox 333 3705 450 3762; x_wconf 76' lang='lat' dir='ltr'><strong>Perfecta</strong></span> <span class='ocrx_word' id='word_1_304' title='bbox 466 3707 581 3759; x_wconf 90' lang='lat' dir='ltr'><strong>imitatus</strong></span> <span class='ocrx_word' id='word_1_305' title='bbox 595 3717 633 3758; x_wconf 86' lang='lat' dir='ltr'><strong>est</strong></span> <span class='ocrx_word' id='word_1_306' title='bbox 678 3703 742 3758; x_wconf 87' lang='lat' dir='ltr'><strong>Ideo</strong></span> <span class='ocrx_word' id='word_1_307' title='bbox 768 3703 875 3776; x_wconf 77' lang='lat' dir='ltr'><strong>Pythias</strong></span> <span class='ocrx_word' id='word_1_308' title='bbox 895 3706 947 3760; x_wconf 91' lang='lat' dir='ltr'><strong>hoc</strong></span> <span class='ocrx_word' id='word_1_309' title='bbox 972 3707 1086 3762; x_wconf 80' lang='lat' dir='ltr'><strong>Chaeren</strong></span> <span class='ocrx_word' id='word_1_310' title='bbox 1112 3708 1185 3764; x_wconf 89' lang='lat' dir='ltr'><strong>dicto</strong></span> 
     </span>
     <span class='ocr_line' id='line_1_38' title="bbox 125 3783 1184 3861; baseline -0.003 -16"><span class='ocrx_word' id='word_1_311' title='bbox 125 3792 204 3844; x_wconf 78' lang='lat' dir='ltr'><strong>verba</strong></span> <span class='ocrx_word' id='word_1_312' title='bbox 219 3790 410 3861; x_wconf 77' lang='lat' dir='ltr'><strong>lugitivorum,</strong></span> <span class='ocrx_word' id='word_1_313' title='bbox 424 3805 483 3859; x_wconf 84' lang='lat' dir='ltr'><strong>quta</strong></span> <span class='ocrx_word' id='word_1_314' title='bbox 496 3784 567 3858; x_wconf 87' lang='lat' dir='ltr'><strong>apud</strong></span> <span class='ocrx_word' id='word_1_315' title='bbox 582 3783 633 3837; x_wconf 90' lang='lat' dir='ltr'><strong>do·</strong></span> <span class='ocrx_word' id='word_1_316' title='bbox 678 3783 777 3838; x_wconf 78' lang='lat' dir='ltr'><strong>offensa</strong></span> <span class='ocrx_word' id='word_1_317' title='bbox 789 3785 981 3849; x_wconf 88' lang='lat' dir='ltr'><strong>stomachatur,</strong></span> <span class='ocrx_word' id='word_1_318' title='bbox 995 3787 1067 3859; x_wconf 91' lang='lat' dir='ltr'><strong>quod</strong></span> <span class='ocrx_word' id='word_1_319' title='bbox 1081 3791 1126 3842; x_wconf 89' lang='lat' dir='ltr'><strong>tali</strong></span> <span class='ocrx_word' id='word_1_320' title='bbox 1139 3809 1184 3842; x_wconf 86' lang='lat' dir='ltr'><strong>ex·</strong></span> 
     </span>
     <span class='ocr_line' id='line_1_39' title="bbox 126 3865 1185 3938; baseline -0.003 -14"><span class='ocrx_word' id='word_1_321' title='bbox 126 3872 209 3924; x_wconf 85' lang='lat' dir='ltr'><strong>minos</strong></span> <span class='ocrx_word' id='word_1_322' title='bbox 221 3871 323 3924; x_wconf 84' lang='lat' dir='ltr'><strong>iaciunt</strong></span> <span class='ocrx_word' id='word_1_323' title='bbox 331 3866 522 3938; x_wconf 88' lang='lat' dir='ltr'><strong>comprehensi.</strong></span> <span class='ocrx_word' id='word_1_324' title='bbox 677 3865 811 3918; x_wconf 75' lang='lat' dir='ltr'><strong>curatione</strong></span> <span class='ocrx_word' id='word_1_325' title='bbox 827 3865 988 3935; x_wconf 81' lang='lat' dir='ltr'><strong>significahat</strong></span> <span class='ocrx_word' id='word_1_326' title='bbox 1002 3866 1070 3921; x_wconf 91' lang='lat' dir='ltr'><strong>nihil</strong></span> <span class='ocrx_word' id='word_1_327' title='bbox 1084 3887 1139 3921; x_wconf 89' lang='lat' dir='ltr'><strong>non</strong></span> <span class='ocrx_word' id='word_1_328' title='bbox 1157 3869 1185 3922; x_wconf 89' lang='lat' dir='ltr'><strong>iu</strong></span> 
     </span>
     <span class='ocr_line' id='line_1_40' title="bbox 166 3942 1186 4020; baseline -0.01 -16"><span class='ocrx_word' id='word_1_329' title='bbox 166 3951 231 4004; x_wconf 78' lang='lat'><strong>855.</strong></span> <span class='ocrx_word' id='word_1_330' title='bbox 240 3947 471 4020; x_wconf 82' lang='lat' dir='ltr'><strong>Paulumqut&#39;ddam.</strong></span> <span class='ocrx_word' id='word_1_331' title='bbox 479 3942 633 4016; x_wconf 86' lang='lat' dir='ltr'><strong>DatDelph.</strong></span> <span class='ocrx_word' id='word_1_332' title='bbox 677 3943 784 3997; x_wconf 82' lang='lat' dir='ltr'><strong>ancillas</strong></span> <span class='ocrx_word' id='word_1_333' title='bbox 795 3963 884 3998; x_wconf 77' lang='lat' dir='ltr'><strong>servos</strong></span> <span class='ocrx_word' id='word_1_334' title='bbox 896 3963 985 4015; x_wconf 85' lang='lat' dir='ltr'><strong>posse;</strong></span> <span class='ocrx_word' id='word_1_335' title='bbox 996 3961 1023 4002; x_wconf 84' lang='lat' dir='ltr'><strong>et</strong></span> <span class='ocrx_word' id='word_1_336' title='bbox 1036 3961 1128 4019; x_wconf 79' lang='lat' dir='ltr'><strong>utpote</strong></span> <span class='ocrx_word' id='word_1_337' title='bbox 1140 3967 1186 4001; x_wconf 74' lang='lat' dir='ltr'><strong>sn.</strong></span> 
     </span>
     <span class='ocr_line' id='line_1_41' title="bbox 124 4023 1079 4098; baseline -0.003 -15"><span class='ocrx_word' id='word_1_338' title='bbox 124 4031 254 4098; x_wconf 64' lang='lat' dir='ltr'><strong>mustum</strong></span> <span class='ocrx_word' id='word_1_339' title='bbox 267 4029 313 4086; x_wconf 81' lang='lat' dir='ltr'><strong>sic</strong></span> <span class='ocrx_word' id='word_1_340' title='bbox 323 4029 403 4083; x_wconf 83' lang='lat' dir='ltr'><strong>Zeun</strong></span> <span class='ocrx_word' id='word_1_341' title='bbox 413 4037 440 4082; x_wconf 90' lang='lat' dir='ltr'><strong>et</strong></span> <span class='ocrx_word' id='word_1_342' title='bbox 449 4026 527 4098; x_wconf 86' lang='lat' dir='ltr'><strong>Valp.</strong></span> <span class='ocrx_word' id='word_1_343' title='bbox 541 4024 569 4078; x_wconf 90' lang='lat' dir='ltr'><strong>iu</strong></span> <span class='ocrx_word' id='word_1_344' title='bbox 582 4024 634 4079; x_wconf 90' lang='lat' dir='ltr'><strong>hoc</strong></span> <span class='ocrx_word' id='word_1_345' title='bbox 677 4023 753 4092; x_wconf 87' lang='lat' dir='ltr'><strong>cilia,</strong></span> <span class='ocrx_word' id='word_1_346' title='bbox 770 4023 826 4095; x_wconf 87' lang='lat' dir='ltr'><strong>ipsa</strong></span> <span class='ocrx_word' id='word_1_347' title='bbox 840 4043 867 4077; x_wconf 86' lang='lat' dir='ltr'><strong>se</strong></span> <span class='ocrx_word' id='word_1_348' title='bbox 882 4024 969 4080; x_wconf 75' lang='lat' dir='ltr'><strong>lusam</strong></span> <span class='ocrx_word' id='word_1_349' title='bbox 984 4023 1079 4080; x_wconf 88' lang='lat' dir='ltr'><strong>credit.</strong></span> 
     </span>
    </p>
   </div>
   <div class='ocr_carea' id='block_1_7' title="bbox 178 4141 1029 4229">
    <p class='ocr_par' dir='ltr' id='par_1_18' title="bbox 178 4141 1029 4229">
     <span class='ocr_line' id='line_1_42' title="bbox 178 4141 1029 4229; baseline -0.005 -21"><span class='ocrx_word' id='word_1_350' title='bbox 178 4141 210 4208; x_wconf 89' lang='lat'><strong>1.</strong></span> <span class='ocrx_word' id='word_1_351' title='bbox 885 4194 888 4202; x_wconf 93' lang='lat'><strong>.</strong></span> <span class='ocrx_word' id='word_1_352' title='bbox 986 4159 1029 4229; x_wconf 89' lang='lat'><strong>17</strong></span> 
     </span>
    </p>
   </div>
   <div class='ocr_carea' id='block_1_8' title="bbox 0 0 1482 4856">
    <p class='ocr_par' dir='ltr' id='par_1_19' title="bbox 0 0 1482 4856">
     <span class='ocr_line' id='line_1_43' title="bbox 0 0 1482 4856; baseline 0 0"><span class='ocrx_word' id='word_1_353' title='bbox 0 0 1482 4856; x_wconf 95' lang='lat' dir='ltr'><strong> </strong></span> 
     </span>
    </p>
   </div>
  </div>
 </body>
</html>
