3014 4860
266 353 341 442 456
486 359 663 426 PUBLII
693 359 950 428 TERENTII
978 357 1040 426 AF
1046 359 1100 427 RI

264 489 386 576 Volui,
404 491 485 584 quin
503 505 540 559 tu
557 493 590 559 iu
605 515 644 560 ea
661 517 697 561 re
713 495 759 562 mi
774 491 982 562 adversatrix
1000 491 1118 579 fueris,
1134 493 1303 562 Sostrata?

265 599 310 665 At
335 599 361 666 si
384 598 524 691 rogitem
541 597 627 689 jam,
645 599 725 693 quid
749 614 819 682 est,
844 598 934 693 quod
958 621 1113 694 peccem,
1137 613 1194 669 aut
1218 624 1334 694 quam·

427 703 542 772 obrem
565 704 598 772 id
620 704 759 788 faciam,
779 707 913 775 nescias.

265 813 306 878 In
326 834 444 904 quare
464 834 554 878 nunc
573 826 640 881 tam
660 812 866 882 confidenter
887 826 1007 896 restas,
1027 810 1146 880 stulta?
1167 814 1242 884 Sos.
1261 815 1335 907 Ego

425 940 545 985 nescio.

265 1026 360 1092 cnr.
372 1026 480 1092 Immo
498 1023 560 1092 scis
574 1027 699 1117 potius,
711 1049 810 1119 quam
825 1023 959 1120 quidem
973 1023 1086 1092 redeat
1102 1022 1145 1093 ad
1163 1026 1331 1118 integrum

425 1129 496 1198 haec
518 1128 634 1199 eadem
655 1133 771 1200 oratic.

149 1332 153 1341 ·
262 1312 326 1367 dum
333 1333 341 1379 ;
352 1315 473 1384 quamvis
481 1313 588 1365 odiosum
598 1333 647 1366 asse
657 1353 665 1379 ,
675 1333 774 1385 pergere
822 1312 1160 1368 :Postmodcvictacadesz
1168 1314 1334 1380 melioribus,

260 1393 340 1446 etiarn
352 1394 543 1447 Terentianum
560 1406 606 1447 est.
621 1396 775 1449 Peri—Hl-
826 1391 929 1459 Ardea,
945 1407 1036 1459 ratas,
1052 1395 1214 1466 Improba.»
1227 1425 1266 1438 --
1275 1397 1333 1465 Ego

262 1467 365 1524 hune?
379 1473 422 1526 sic
436 1472 624 1542 interrogando
644 1475 773 1547 plerique.
818 1477 904 1526 recto.
913 1475 1099 1527 Culmmoscis
1105 1478 1252 1546 peremto.
1262 1474 1334 1528 Illud

260 1553 560 1624 Atperaifirmationem
570 1555 658 1625 vulgo,
668 1574 718 1626 pro
727 1576 774 1621 rae,
818 1573 863 1624 ego
875 1558 954 1608 esseio
963 1553 1005 1608 vel
1020 1552 1151 1620 dolenter,
1162 1555 1204 1607 rel
1217 1557 1332 1627 ἐμπαθῶς

260 1653 299 1685 ne.
318 1634 422 1686 -om
438 1635 485 1686 Est
497 1633 542 1686 hic
554 1635 776 1688 exclamatioiras·
817 1632 1009 1705 proferendum
1029 1646 1085 1700 est,
1107 1646 1139 1687 ut
1168 1634 1330 1688 conuarium

262 1712 354 1766 centis.
374 1745 415 1756 -
432 1713 531 1781 Mulier,
547 1713 638 1786 quoad
661 1715 774 1768 infirmi·
818 1712 982 1784 intelligatur
1000 1731 1007 1766 ι
1022 1713 1078 1779 vel,
1091 1712 1165 1785 quod
1186 1714 1333 1786 simplicius

261 1803 350 1846 tatem.
367 1824 408 1835 -
420 1793 533 1864 Pergin',
552 1795 637 1847 mulier
651 1815 708 1848 esse.
725 1793 770 1848 Sa·
790 1850 792 1858 ,
818 1792 936 1858 videtur,
944 1791 1016 1846 idem
1026 1811 1116 1847 sensus
1123 1794 1331 1864 interrogatione
1376 1833 1379 1840 ⁴

261 1870 361 1938 tisest,
375 1871 411 1925 ad
423 1874 650 1947 objurgationem,
665 1875 687 1928 si
702 1875 775 1928 sexui
818 1873 889 1927 effici
910 1884 1022 1946 potest:
1048 1875 1108 1943 Ego
1130 1869 1229 1926 neseio?
1255 1876 1331 1928 Itane

261 1952 409 2023 imputetur
418 1953 566 2025 impotens,
582 1955 774 2027 intempestiva,
819 1971 867 2024 ego
880 1953 987 2019 nescio,
1000 1951 1068 2024 quid
1083 1953 1182 2007 iacias?
1198 1955 1230 2006 [n
1241 1955 1330 2006 resci-

262 2045 289 2086 et
296 2033 433 2086 temeraria
444 2035 580 2105 sapientia.
589 2035 675 2089 Plaut.
686 2036 773 2090 Casin.
818 2033 881 2086 iicet
893 2046 948 2087 tam
959 2032 1103 2086 manifeste
1113 2033 1270 2087 acerbitatis.
1285 2039 1333 2086 At-

263 2125 313 2166 act.
325 2113 369 2175 11,
381 2132 451 2166 seen.
466 2132 503 2181 rr,
523 2114 663 2178 .1f0ras‚
679 2115 775 2170 mulier
818 2131 872 2185 que
887 2115 916 2166 in
936 2113 986 2166 hac
1006 2115 1147 2179 sententia,
1169 2113 1332 2184 Calphurnio

262 2211 299 2244 es.
312 2217 324 2238 ι
341 2192 486 2246 Farnobius.
496 2226 536 2237 —
544 2195 757 2265 Sensnsestergo
769 2215 776 2249 ι
819 2194 900 2246 etiam
910 2194 1030 2266 probata,
1038 2193 1105 2246 nihii
1115 2212 1182 2264 opus
1194 2207 1233 2248 est
1244 2212 1332 2246 emen·

262 2271 370 2344 Pergiu'
381 2287 469 2344 partes
482 2292 602 2328 exercere
617 2285 643 2326 et
655 2273 774 2328 officium
819 2272 942 2337 datione,
974 2284 1019 2326 aut
1043 2275 1266 2327 commentatione
1288 2281 1330 2327 τοῦ

261 2353 392 2418 mulieris,
409 2371 468 2425 quae
481 2372 585 2427 semper
593 2354 652 2407 vult
665 2354 739 2426 ioqui
749 2369 775 2409 et
818 2358 897 2406 nescio
907 2355 936 2406 in
949 2357 1066 2418 memus,
1080 2353 1171 2405 invitis
1183 2353 1329 2407 codicibus.

262 2432 358 2488 marito
369 2451 527 2506 repugnare.
818 2431 972 2504 Respondet
985 2433 1113 2486 Chremes
1126 2432 1254 2486 iracunda
1265 2453 1330 2486 con·

304 2529 385 2582 1009.
408 2514 570 2567 Advorsetrir
592 2517 680 2582 fueris.
716 2516 771 2569 Alii
818 2515 951 2578 cessione,
979 2517 1051 2565 immo
1074 2515 1121 2565 seis
1135 2517 1231 2584 petitas,
1261 2533 1332 2586 quum

258 2594 324 2659 fuer.
339 2593 498 2648 adversatrir.
509 2625 549 2636 -
562 2596 593 2647 In
605 2615 634 2645 ca
648 2615 683 2660 re,
693 2615 774 2666 quarn
817 2594 912 2664 quidem
921 2593 1005 2645 redeat
1012 2592 1048 2644 rid
1058 2595 1177 2662 integrum
1188 2593 1239 2645 boec
1251 2593 1332 2645 eudem

261 2671 690 2744 volebam.-Adrorsarrir.Apud
698 2676 774 2730 Plau·
817 2677 904 2726 oratio.
915 2671 947 2725 Id
959 2685 1009 2738 est,
1023 2673 1136 2726 «Desine
1145 2672 1228 2726 modo
1240 2687 1332 2727 contra

261 2764 319 2803 tum
334 2756 481 2823 opponitur
493 2759 653 2818 ostentauit,
665 2756 774 2808 Mostel-
818 2751 927 2818 dicere;
941 2771 996 2805 non
1011 2752 1074 2807 dico
1087 2756 1142 2824 J'am
1158 2766 1184 2806 te
1208 2753 1328 2807 nescire:

260 2830 309 2884 lar.
323 2833 350 2896 Ι,
367 2851 418 2899 ιιι,
432 2853 485 2888 roo
495 2853 502 2887 :
512 2835 608 2887 «Nunc
618 2835 772 2888 assentatrix
819 2834 888 2903 Quin
900 2837 960 2898 seis,
977 2835 1114 2904 εἰρωνικῶς.
1140 2832 1213 2898 Quin
1227 2846 1254 2885 te
1267 2833 1332 2886 scire

259 2911 367 2964 scelesta
392 2925 445 2976 est,
481 2912 585 2967 dudum
608 2911 772 2969 advorsatrix
816 2911 1330 2985 fateorpotiucquamuteademoratio

259 3003 341 3044 erat.»
359 2991 490 3046 Bar-clerus.
816 2989 1025 3060 redintegretur,
1039 3011 1120 3064 quarn
1134 3005 1164 3046 ut
1175 2992 1274 3045 iteratis
1281 2994 1332 3046 tuis

304 3089 384 3124 roro.
408 3072 484 3142 Quod
493 3093 597 3144 peccem.
611 3075 644 3126 tt.
657 3074 770 3143 Stepha-
816 3070 1073 3126 contradictionibus
1092 3091 1136 3128 me
1159 3070 1299 3126 obtundas.
1315 3099 1326 3118 ι

257 3171 308 3204 nus
320 3149 396 3206 addit
406 3152 454 3218 dic,
465 3151 541 3225 quod
551 3150 641 3217 valde,
652 3166 682 3207 ut
695 3167 772 3226 putat
815 3155 849 3206 Τὸ
859 3157 906 3204 seir
921 3152 988 3205 nihil
1001 3150 1164 3206 incommodi
1178 3151 1223 3204 hic
1232 3151 1325 3206 habet:

184 3235 185 3238 ’
258 3232 432 3288 Westerhov.
455 3234 531 3302 juvat
545 3244 664 3285 sensum.
684 3265 724 3277 -
739 3234 773 3286 Id
815 3233 891 3284 vultu
902 3233 1046 3304 praesertim
1067 3244 1093 3285 et
1110 3231 1326 3304 pronuntiatione

252 3313 357 3379 sociam.
374 3312 466 3364 Plures
479 3312 524 3366 alii
534 3313 637 3380 bersae.
652 3312 770 3377 Quidam
814 3311 926 3382 figuram
943 3311 1154 3375 affirmantibus,
1173 3324 1199 3365 et
1211 3312 1325 3365 sormam

258 3391 398 3462 pauciores
407 3392 436 3444 id
437 3394 534 3460 socias,
545 3411 577 3446 ex
585 3393 767 3464 quibusBoth.
814 3398 846 3462 τῇ
857 3389 956 3462 διανοίᾳ
966 3391 1147 3463 largientibus.
1158 3392 1288 3444 Boeclerus.

259 3470 415 3525 -Nesciaa
427 3474 509 3527 Notat
519 3473 663 3527 mulierum
670 3473 773 3546 imprn·
863 3490 914 3525 101
922 3491 948 3525 a.
970 3472 1034 3525 Hoee
1043 3473 1124 3524 eadm
1137 3475 1225 3525 oratio.
1232 3472 1330 3526 Exulat

258 3547 449 3622 dentiumque
456 3565 485 3606 ut
490 3545 772 3625 plurimumsignorant,
818 3552 879 3616 dcc,
893 3552 952 3604 Par.
963 3563 1045 3616 teste,
1061 3570 1076 3604 ι
1090 3552 1153 3604 Mss.
1166 3552 1230 3604 Pali.
1244 3553 1323 3606 Roth.

258 3648 317 3702 quaa
331 3649 412 3701 prava
425 3645 470 3684 aut
485 3645 556 3686 recta
568 3645 640 3686 sunt.
656 3633 745 3703 Calpi.
817 3631 892 3703 legit,
906 3635 977 3684 immo
986 3636 1069 3702 potius
1082 3631 1176 3705 quidem
1189 3651 1261 3704 qnam
1269 3653 1292 3684 r.
1303 3651 1327 3685 a.

302 3727 386 3764 ιοιι.
407 3711 503 3766 destas.
528 3713 591 3766 Mas.
606 3712 716 3784 qnidam
733 3733 770 3763 re·
816 3714 834 3764 i.
846 3712 927 3764 eadam
937 3712 1169 3764 cratim—Immo
1181 3715 1228 3763 scis
1235 3715 1325 3781 potius,

257 3791 336 3842 stitus.
346 3791 426 3843 Abest
434 3811 479 3862 ego
486 3792 574 3845 Guelf.
584 3813 609 3846 ι.
624 3794 682 3864 Βίρ.
693 3792 769 3863 legit:
817 3811 904 3862 quam,
919 3803 974 3845 etc.
997 3791 1069 3844 Malo
1085 3790 1161 3844 fateri
1174 3802 1198 3844 te
1215 3791 1281 3844 scire
1301 3803 1328 3843 et

255 3868 346 3922 Stulte.
357 3870 430 3923 Soer.
444 3881 512 3942 ego?
523 3871 660 3925 Scio-In
673 3893 720 3944 quo
734 3893 766 3924 re.
814 3872 963 3942 intelligere
972 3870 1038 3942 quid
1048 3871 1128 3923 veiim
1138 3869 1237 3935 dicere,
1246 3888 1324 3941 quam

255 3947 315 4014 Qun
329 3947 363 4003 de
379 3969 465 4002 eausa.
481 3982 520 3992 -
536 3953 638 4014 Restat,
657 3952 767 4015 resistis,
813 3969 868 4008 me.
880 3952 921 4004 vel
933 3964 959 4003 te
974 3949 1009 4004 de
1025 3949 1119 4007 eadem
1134 3970 1164 4005 re
1176 3967 1327 4005 sermonem

254 4045 387 4100 repugnas
397 4029 557 4086 mihtovid.
565 4032 587 4088 F
588 4046 636 4086 ast.
648 4033 685 4096 11,
694 4046 765 4101 749:
813 4031 1004 4102 redintegrare.
