3000 4866
522 433 590 499 DE
616 429 866 500 THEATRO.
1124 454 1209 500 cxxi

151 576 180 630 et
209 559 477 632 oblectationem.
509 561 618 632 Multo
649 565 753 657 magis
781 562 824 631 ad
850 560 1042 656 religionem
1070 567 1210 635 instituti

151 682 220 736 sunt
235 669 334 738 Ludi.
348 669 438 739 Nam
452 654 525 739 Diis
544 684 620 765 post
639 668 800 742 sacrificia
814 668 913 738 etiam
931 669 1045 740 Ludos
1059 670 1209 766 publicos

151 775 392 846 consecrabant.

196 881 278 950 Ludi
297 884 418 978 igitur,
430 897 465 952 et
482 882 645 971 Ludicra,
660 907 733 977 quae
754 885 852 954 etiam
864 885 1056 954 Certamina
1076 909 1212 975 vocare·

149 1003 220 1058 runt
239 991 371 1078 Latini,
387 990 496 1061 Graeci
511 991 665 1085 Agonas,
678 988 864 1060 multorum·
877 1013 1039 1086 generum
1052 989 1207 1060 fuerunt:

149 1119 247 1190 neque
263 1119 345 1164 vero
360 1121 430 1165 uno
446 1111 575 1166 tantum
595 1096 785 1192 spectaculo
800 1099 834 1166 in
853 1095 993 1192 publicis
1009 1096 1112 1167 Ludis
1130 1099 1210 1167 deti-

149 1202 280 1271 nebatur
293 1201 451 1298 populus.
468 1205 574 1272 Erant
591 1217 702 1272 atatem
716 1202 803 1273 Ludi
819 1203 975 1300 Gymnici
988 1217 1022 1272 et
1037 1202 1210 1274 Athletici:

149 1307 225 1377 Ludi
245 1310 426 1380 Circenses
446 1335 454 1378 τ
476 1309 564 1379 Ludi
583 1308 778 1379 Gladiatorii
802 1335 811 1379 :
834 1325 869 1379 et
891 1309 979 1380 Ludi
1003 1311 1149 1396 Scenici3
1168 1310 1209 1380 de

148 1415 256 1507 quibus
281 1441 376 1486 nune
399 1413 587 1511 singulatim
614 1431 665 1486 est
685 1417 799 1511 paucis
820 1415 1068 1502 disserendum,
1086 1419 1216 1511 partim,

150 1545 186 1590 ex
204 1519 346 1610 Bndaeo,
365 1537 489 1596 nostrae
510 1519 628 1592 Galliae
652 1521 795 1611 lumine,
820 1524 941 1618 partim
967 1547 1008 1591 ex
1036 1524 1219 1612 Vitruvio„

150 1629 308 1718 Lucieno,
327 1643 366 1698 et
383 1627 455 1699 aliis
475 1629 616 1724 antiquis
634 1630 835 1700 auctoribus.
964 1712 968 1738 Ι

194 1735 350 1830 Gymniei
372 1750 407 1805 et
426 1733 582 1806 Athletici
607 1735 695 1805 Ludi
719 1739 754 1805 iu
780 1735 939 1832 palaestris
966 1761 1005 1805 ac
1031 1725 1217 1831 gymnasiis·

149 1837 263 1911 fiebant
276 1840 372 1938 apud
387 1843 538 1930 Grecos,
552 1867 625 1936 quae
642 1840 716 1912 loca
735 1843 870 1913 fuerunt
880 1840 1071 1912 exercendis
1085 1858 1118 1912 et
1133 1868 1208 1912 cor-

149 1949 387 2040 porisetanimi
404 1947 530 2018 viribus
543 1947 802 2020 accommodata.
816 1951 903 2019 Nam
923 1950 1022 2017 etiam
1040 1950 1075 2017 in
1097 1950 1135 2018 iis
1153 1975 1209 2044 pa·

149 2049 251 2124 lustris
263 2069 326 2125 aut
341 2055 519 2150 gymnasiis
532 2054 662 2124 exedrae
677 2053 827 2142 fuerunt,
836 2056 869 2123 in
884 2054 1004 2146 quibus
1018 2052 1206 2149 philosophi

150 2160 246 2230 Greci
278 2161 435 2232 sedentes
455 2160 675 2257 disputabant.
703 2160 768 2231 Sed
792 2173 825 2229 et
847 2157 1006 2254 pelaestroe
1031 2158 1207 2253 appellatio

150 2290 268 2336 omnem
277 2266 472 2338 athleticam
481 2283 586 2336 artem
595 2268 901 2336 etexercitationem
910 2263 1210 2360 complectitur,de-

149 2377 360 2470 oentiamque,
369 2399 435 2468 qua
448 2365 562 2457 status,
570 2389 692 2461 motae,
702 2374 869 2467 flexusque
877 2373 1037 2467 corporis,
1046 2397 1085 2441 ac
1093 2397 1209 2444 omues

149 2483 272 2552 omnino
298 2481 431 2552 habitus
445 2495 652 2550 venustatem
670 2479 848 2575 quamdam
864 2478 1074 2574 leporemque
1093 2505 1161 2575 prce
1174 2507 1208 2552 se

149 2583 269 2660 ierunt:
293 2612 393 2682 quam
408 2588 464 2682 qui
482 2613 552 2656 non
567 2586 767 2676 didicerant,
785 2587 806 2655 ii
826 2585 992 2681 apalaestoi
1006 2586 1049 2654 ab
1064 2589 1206 2682 antiquis

149 2689 218 2763 dicti
243 2709 335 2765 sunt.
354 2695 437 2763 Eam
460 2719 542 2763 vero
561 2708 666 2762 artem
687 2695 742 2788 qui
769 2691 986 2778 exercebant,
1009 2707 1067 2762 aut
1087 2695 1145 2788 qui
1169 2696 1204 2764 in

149 2797 292 2890 palestra
303 2800 553 2888 exercebantur,
561 2798 614 2870 vel
628 2799 842 2868 decertabant
851 2800 1010 2894 praemiis,
1019 2797 1205 2893 palaestritae

148 2904 194 2974 rel
215 2907 392 3003 palaestrici
415 2905 496 2976 dicti
519 2919 598 2976 sunt
622 2931 629 2974 :
652 2907 834 3001 Gymnicos
855 2907 970 2974 Graeci
986 2906 1084 2974 etiam
1106 2931 1204 2977 voea-

149 3029 232 3104 runt,
249 3012 345 3111 quod
365 3013 446 3082 nudi
465 3013 597 3082 athletae
616 3027 856 3082 exercerentur.
872 3014 1039 3081 Ceterum
1054 3013 1088 3080 in
1104 3013 1205 3108 palae.

150 3131 209 3188 stra
229 3121 395 3217 gymnasii
425 3110 551 3214 (inquit
575 3113 733 3208 Plautus)
759 3142 874 3204 cursu,
894 3116 1069 3201 luctando,
1091 3119 1202 3202 hasta,

149 3221 245 3316 disco,
259 3225 427 3323 pugilatu,
442 3225 589 3295 saliendo
601 3250 636 3295 se
648 3224 847 3294 exercebant
858 3223 997 3294 athletae.
1007 3224 1220 3316 Hujusmodi

149 3331 228 3403 Ludi
241 3337 277 3403 in
292 3336 424 3427 Campo
440 3333 565 3404 blartio
579 3331 674 3428 apud·
682 3333 852 3402 Romanos
870 3331 941 3400 fieri
960 3328 1117 3399 solebant.

195 3440 262 3530 Qui
281 3439 464 3508 currebant
481 3440 516 3507 in
530 3437 633 3509 Ludis
654 3437 918 3532 Gymnicis,hoc
936 3449 1006 3522 est,
1021 3459 1121 3504 eursu
1137 3460 1222 3512 coo„

151 3567 224 3637 pora
248 3545 448 3620 exercebant
462 3543 536 3626 ‚vel
555 3569 595 3614 eo
613 3543 845 3627 decertabant,
863 3543 990 3614 Graecis
1005 3542 1124 3610 Dromi
1143 3567 1206 3639 ap-

150 3651 324 3744 pellantur,
338 3652 406 3722 hoc
421 3666 488 3734 est,
505 3675 665 3721 cursores.
679 3649 834 3739 Quorum
853 3648 906 3717 alii
926 3645 1142 3726 stadiodromi
1161 3651 1207 3720 dl·

151 3759 318 3847 rebantur,
336 3761 394 3854 qui
416 3757 559 3828 stadium
581 3757 844 3853 percurrebant:
864 3753 917 3821 alii
935 3752 1168 3840 diaulodromi‚
1187 3781 1208 3824 a

151 3864 343 3938 circumactu
358 3864 534 3953 curriculi,
544 3863 578 3933 id
592 3861 767 3958 est,duplo
782 3857 964 3946 curriculo,
974 3859 1209 3960 quoddiaulon

150 3975 304 4048 voutam
319 3999 326 4042 :
342 3997 421 4044 nam
436 3973 459 4041 ii
474 3995 643 4062 cursores,
658 3993 762 4070 quum
780 3966 822 4038 ad
836 3980 957 4043 metam
972 3984 1210 4066 pervenerant,

1015 4088 1054 4169 et
