2996 4852
325 353 399 428 338
555 353 731 424 PUBLH
758 351 1010 426 TERENTII
1037 355 1155 424 AFRI

322 493 470 574 Vereor,
493 511 592 582 quam
615 511 658 557 ne
682 487 761 582 quid
784 489 819 558 in
842 487 933 557 illum
960 489 1062 558 iratus
1089 487 1162 584 plus
1191 489 1375 579 satisfuit,

482 609 585 690 pater.

323 706 413 774 Cnn.
432 699 554 772 Illenei
572 701 636 772 Sed
652 703 829 797 reprimam
846 725 900 772 me
917 727 925 770 τ
943 725 1021 772 nem
1038 705 1073 772 in
1089 717 1180 772 metu
1197 727 1270 772 erse
1284 703 1375 792 hunc,

481 807 526 878 illi
545 821 595 877 est
611 807 701 878 utile.

322 915 420 986 Cur.
439 914 532 1004 Quid
552 928 623 986 tute
641 913 776 986 tecum?
796 916 887 988 Ceut
904 916 1023 990 Dicam
1039 941 1049 984 ε
1063 929 1107 994 ¹ut
1129 931 1167 984 ut
1188 930 1278 1004 eret,
1294 940 1375 988 men·

481 1047 554 1091 sum
575 1035 685 1092 temen
708 1024 865 1117 oportuit.

321 1131 475 1202 Fortasse
493 1128 697 1224 aliquantum
714 1130 858 1224 iniquior
878 1143 950 1198 erat
967 1144 1088 1225 preter
1104 1131 1174 1226 ejus
1193 1128 1377 1215 lubidinem

320 1237 493 1308 Patenetur
521 1261 529 1304 ι
558 1260 636 1306 narn
661 1259 761 1330 quem
789 1235 910 1322 ferret,
938 1238 966 1306 si
991 1252 1162 1333 parentem
1193 1263 1263 1307 non
1290 1235 1377 1305 ferret

483 1341 602 1412 suum?

321 1450 493 1518 Hunccine
515 1463 587 1518 erat
609 1473 740 1544 equum
761 1475 802 1519 ex
821 1447 907 1520 illius
925 1473 1037 1538 more,
1057 1473 1100 1518 en
1117 1448 1212 1520 illum
1233 1474 1275 1519 ex
1293 1448 1376 1541 hujus

478 1553 613 1625 vivere?
697 1645 700 1653 .

320 1664 364 1735 Et
384 1656 589 1755 quod'illum
611 1661 802 1737 insimulant
825 1661 965 1750 durum,
986 1661 1020 1731 id
1041 1679 1179 1736 nonest
1202 1691 1211 1733 ε
1233 1689 1308 1734 uem
1329 1685 1376 1757 pe·

480 1783 613 1838 rentum
636 1770 764 1864 injuriae

365 1952 504 2021 198.P1us
517 1955 594 2016 eutis,
610 1951 735 2023 Asperius
746 1952 833 2022 justo;
877 1950 1076 2005 rentiene.Vid.
1088 1952 1169 2017 infre,
1183 1957 1299 2023 ²⁴7·-·
1309 1951 1376 2021 opo

322 2033 462 2106 plusquam
490 2033 524 2086 sit
551 2032 613 2085 setis
635 2032 770 2086 acerbum.
794 2059 834 2071 —
879 2035 934 2083 tuit.
958 2031 1062 2084 Tuetur
1082 2045 1188 2104 patrum
1215 2045 1319 2105 partes,
1338 2029 1376 2102 qni

323 2114 401 2165 Pater
412 2125 452 2165 est
463 2111 644 2165 nominativus
654 2129 746 2173 casus,
757 2122 784 2164 et
797 2109 834 2164 sic
878 2110 989 2164 omnino
1003 2131 1017 2164 a
1031 2111 1093 2165 liliis
1106 2125 1168 2166 sunt
1181 2111 1320 2168 tolerandi.

323 2193 437 2246 refertur
461 2191 493 2244 ed
513 2191 719 2256 Menedemum
734 2191 775 2242 vel
797 2202 836 2244 est
921 2209 987 2244 ror.
1003 2194 1171 2264 Aliquantum.
1185 2194 1233 2247 Sic
1241 2193 1287 2246 lib.
1298 2190 1374 2245 nemu

327 2273 465 2326 vocativus
478 2291 560 2338 casus,
569 2285 600 2325 ut
612 2269 834 2343 nosnccipimus,
879 2271 958 2342 Valp.
971 2271 1026 2326 Sed
1038 2273 1066 2325 in
1079 2274 1163 2344 antiq.
1176 2275 1205 2326 in
1218 2275 1263 2326 Br.
1275 2271 1375 2325 noum

323 2364 351 2405 et
365 2352 479 2406 refertur
491 2350 526 2405 ed
541 2352 720 2405 Chremetem.
878 2350 939 2423 Bip.
962 2352 1093 2426 aliquanto.
1115 2353 1168 2405 Alit
1189 2352 1325 2426 aliquando.
1343 2379 1374 2391 -

369 2433 509 2503 199.Nam
516 2437 540 2485 in
548 2445 609 2483 metu
620 2432 745 2483 essedum.
756 2431 834 2484 Both.
879 2432 976 2483 Prceter·
996 2436 1027 2504 ej.
1044 2433 1120 2486 lubid.
1135 2432 1257 2497 Quidem
1273 2429 1373 2492 melion,

323 2514 391 2566 Nam
404 2516 511 2565 metuisse
527 2513 597 2564 dunc.
610 2512 705 2564 -llo
718 2529 755 2563 ne.
774 2512 796 2564 1.
810 2529 834 2565 e.
876 2523 989 2583 propter,
1003 2522 1054 2566 etc.
1066 2543 1107 2553 -
1120 2514 1240 2586 iniquior.
1259 2511 1373 2566 Severior.

323 2591 392 2646 dieis
412 2605 438 2645 te
461 2594 555 2646 timere
583 2609 618 2643 ne
647 2609 727 2644 senex
757 2591 836 2646 faeiat
878 2591 933 2645 vid.
948 2592 1151 2667 hunceensum,
1166 2593 1375 2666 Hermiqu-

323 2670 426 2743 eliquid
439 2673 468 2724 in
483 2672 574 2725 illurn!
589 2703 629 2714 —-
647 2671 698 2724 Sed
709 2674 835 2742 reprimunt
878 2671 974 2723 Proeter
993 2675 1043 2743 ejus
1062 2672 1198 2726 lubidinem.
1220 2666 1373 2728 conmitti

324 2771 375 2816 me,
388 2765 438 2806 etc.
460 2749 583 2818 Scilicet,
596 2769 653 2804 non
670 2751 835 2805 ostendendo
878 2753 1051 2804 voluntatem.

322 2835 380 2902 ejue
397 2832 480 2904 petris
494 2830 702 2885 teneritudinem
720 2831 746 2883 in
762 2849 832 2906 eum..
921 2849 984 2885 oon.
998 2833 1056 2886 Non
1065 2833 1151 2900 ferret.
1167 2831 1263 2886 Boend.
1276 2831 1371 2896 conseri
1438 2871 1439 2880 .

321 2911 386 2965 Hac
413 2911 541 2965 submissa
562 2930 626 2964 voce
651 2911 780 2981 protulit,
800 2928 835 2964 ne
878 2940 918 2952 ——
931 2913 1072 2977 Pacemne,
1091 2931 1141 2982 pro
1160 2917 1217 2984 pari
1230 2911 1373 2970 debebat-ut

322 2991 427 3044 audiret
444 2991 523 3044 filius.
535 3021 574 3034 -
585 2990 670 3048 Hunc,
690 2990 786 3045 fllium.
795 3021 836 3038 -·
873 2993 969 3059 fureres
983 3011 1053 3063 saepe
1064 3010 1125 3063 pro,
1133 2993 1218 3060 serere
1228 2993 1344 3046 debuisset¹

320 3073 379 3136 lili,
397 3072 475 3142 petri.
498 3070 544 3124 Sic
565 3069 692 3124 Chremes
715 3069 837 3124 defendit
920 3073 983 3126 203.
997 3072 1130 3125 Hunccine.
1145 3073 1208 3126 Scil.
1220 3072 1372 3128 Cliniam.-

322 3151 508 3205 auctoritatem
523 3161 645 3220 patrum,
659 3150 791 3222 exigitque
801 3151 833 3204 li·¹
877 3151 946 3203 Erat
958 3171 1059 3223 oeqnum.
1071 3153 1114 3206 Ab
1130 3171 1207 3224 equo
1221 3151 1325 3222 suscipit
1335 3165 1372 3219 pe·

322 3231 422 3284 liorum
436 3229 534 3283 officia.
878 3243 981 3284 ternam
987 3231 1179 3286 defensionem.
1189 3225 1371 3304 Colpe—Simili

364 3329 428 3366 eoo.
449 3311 518 3382 Quid
527 3305 686 3362 tutetecumt’
696 3311 760 3363 Mes.
772 3309 833 3382 qui-
878 3312 1009 3365 sententia
1026 3313 1113 3366 Pleut.
1130 3313 1190 3367 Ces.
1209 3315 1254 3381 11,
1267 3329 1315 3376 ιιι,
1331 3305 1371 3370 ii:

321 3388 383 3444 dnm
407 3404 434 3443 et
454 3388 536 3444 editi:
556 3391 625 3459 Quid
638 3403 664 3441 tu
680 3397 776 3441 teemn?
793 3421 832 3435 --
880 3415 892 3438 e
902 3391 983 3444 Illum
996 3392 1064 3444 mihi
1078 3393 1181 3464 tequius
1194 3405 1248 3459 est,
1257 3403 1372 3464 quemme

324 3471 360 3523 Ut
378 3483 407 3523 nt
421 3484 483 3522 erae.
499 3469 593 3524 Boend.
611 3468 686 3523 addit
695 3483 774 3541 poter.
791 3499 832 3511 -
875 3470 929 3536 illi,
940 3489 999 3543 que
1011 3473 1074 3524 volo
1087 3469 1243 3526 concedere.
1252 3499 1264 3518 ι

323 3551 394 3620 Quid
409 3563 458 3603 tute
477 3563 569 3613 tecum,
583 3549 639 3606 sub.
658 3554 696 3602 ais
707 3551 829 3602 submisse.
923 3559 989 3617 ²⁰4·
1006 3552 1160 3606 insimulent.
1176 3553 1221 3605 Sic
1247 3547 1370 3604 Bentlei.e
1438 3549 1439 3564 ³

319 3630 830 3702 Interrogutfilius,quispeterseorsum
875 3627 969 3685 Bemb.
980 3631 1041 3684 cod.
1051 3634 1145 3698 Recte,
1161 3645 1191 3684 ut
1204 3633 1241 3685 eit
1253 3630 1367 3684 pertensi

321 3708 434 3777 dixerut,
443 3718 568 3781 reprimam
579 3731 665 3763 me.-
675 3711 770 3763 Dicam.
778 3709 832 3763 Sci·
874 3710 975 3765 scilicet
985 3729 1039 3764 non
1051 3712 1139 3765 Clinia
1152 3712 1236 3774 eolus,
1248 3706 1291 3763 sed
1301 3705 1367 3758 etiam

318 3789 381 3843 licet
392 3791 506 3862 explicet
516 3792 544 3846 in
554 3791 606 3845 hoc
620 3791 678 3862 ipso
690 3807 776 3843 versu.
789 3819 830 3833 -·
875 3790 1004 3863 Clitipho.
1019 3793 1050 3844 In
1063 3792 1147 3862 entiq.
1159 3791 1208 3844 lib.
1221 3790 1248 3842 in
1262 3787 1333 3856 Velp.
1343 3781 1368 3832 Z·

322 3869 391 3922 turn
399 3883 458 3924 erat.
468 3869 675 3942 Qualiscumque
684 3869 829 3942 fuitpeter,
874 3870 953 3924 Both.
968 3865 1307 3941 insimulat-Quonuod
1317 3861 1366 3918 atti·

318 3961 405 4003 temen
418 3951 539 4022 oportuit
552 3954 608 4023 ejus
619 3947 741 4004 indolem
751 3951 828 4004 ferre.
872 3951 964 4005 netad
976 3950 1004 4004 id
1018 3949 1092 4024 quod
1105 3949 1266 4005 insimulent.
1277 3977 1312 3991 -
1321 3943 1367 3996 Dt-

316 4029 479 4098 -Monsm,
486 4049 537 4103 pro
542 4035 661 4085 mansisse.
669 4029 830 4103 Syntexi'l'e·
873 4051 935 4098 rum,
948 4032 1075 4104 proprie,
1085 4030 1120 4085 de
1129 4043 1214 4108 petre.
1226 4029 1295 4084 Infra
1306 4023 1365 4091 4393
