3014 4872
352 361 653 451 massaritia
680 378 798 450 aovi
825 377 1049 452 surroars.
1158 409 1236 458 xm

166 519 272 590 satim
282 539 355 586 csse
369 511 578 584 benefacere
595 534 696 606 quam
712 510 799 582 boue
816 509 941 598 diecre3
953 537 1020 584 uon
1035 528 1146 586 autem
1161 517 1238 588 inde

168 623 278 720 colligi
289 621 401 706 debet,
408 621 517 692 virum
532 619 589 714 qui
604 641 726 714 magna
740 618 822 712 egit,
835 615 1000 690 litteraria
1011 617 1118 692 laudis
1127 623 1237 696 studio

168 732 304 802 minima
339 727 483 814 moueri,
509 739 545 796 et
570 722 738 796 bellatoris
768 721 944 817 cujuslibet
968 725 1091 798 famam
1125 731 1238 826 magni

167 837 338 932 scriptoris
359 833 449 904 fama
473 832 649 925 jusu'oram
673 852 801 902 esseae
825 828 1010 902 clariorem.
1030 835 1120 904 Num
1142 833 1236 926 licet,

166 969 298 1040 quaeso,
315 941 530 1038 Terentianus
551 937 695 1026 fabulas,
712 951 889 1033 propterea
904 937 994 1034 quod
1007 939 1191 1034 perfectum
1204 958 1239 1014 et

166 1048 358 1122 absolutum
378 1070 464 1142 opus
485 1043 672 1141 legentium.
690 1044 837 1116 omnium
855 1042 980 1138 judicio
1000 1063 1237 1140 agnoscuntur,

168 1158 231 1226 riri
250 1157 307 1250 qui
325 1156 361 1224 in
382 1153 498 1224 castris
517 1151 587 1224 fore
605 1165 711 1222 totam
728 1164 858 1222 aetatem
873 1150 1019 1226 traduxit
1035 1155 1164 1224 nomini
1183 1181 1239 1251 po·

168 1262 236 1332 tius
253 1261 458 1346 adscribere,
473 1282 574 1354 quam
587 1258 731 1329 hominis
749 1259 806 1352 qui
824 1255 956 1354 placido
973 1257 1158 1330 litterarum
1176 1276 1241 1334 stu·

168 1368 225 1439 dio
239 1367 371 1438 deditus
382 1362 492 1436 vixit?
508 1367 588 1436 Non
601 1367 708 1436 inerat
724 1363 853 1434 illarum
874 1378 1009 1436 etatum
1025 1367 1239 1462 optimatibus

168 1475 321 1570 quasdam
337 1473 509 1544 urbanitas
528 1470 732 1542 scholasticis
752 1485 788 1542 et
802 1470 870 1541 fere
889 1469 998 1542 dicam
1009 1471 1240 1548 umbratilibus
1268 1545 1273 1554 ,

170 1583 251 1652 viris
269 1582 457 1676 mcogaita,
481 1579 559 1673 quia
579 1601 699 1672 nempe
718 1575 810 1648 nulla
827 1591 899 1648 erat
919 1577 1014 1666 aula,
1034 1577 1116 1650 nulli
1129 1579 1237 1654 aulici.

169 1689 205 1757 Si
216 1687 259 1756 sd
268 1677 423 1760 servilem
428 1685 576 1759 Terentii
590 1684 814 1759 conditionem
830 1686 1047 1780 spectaveris,
1059 1711 1127 1756 nou
1141 1687 1241 1760 debet

168 1793 293 1864 idcireo
311 1793 490 1864 existimari
508 1815 583 1861 erun
605 1815 673 1861 nou
694 1791 780 1862 hene
798 1790 978 1886 educatum
1001 1815 1072 1862 esse
1092 1807 1127 1862 et
1146 1796 1239 1865 insti-

169 1913 295 1984 tutum,
313 1899 403 1994 quod
425 1899 488 1968 fuit
505 1921 619 1968 servus
635 1924 643 1966 :
662 1896 845 1992 permultos
863 1899 951 1966 enim
970 1923 1142 1970 recensere
1159 1900 1237 1974 licet

169 2005 293 2101 quibus
306 2007 393 2076 iuter
408 2004 620 2091 servitutem,
634 2005 803 2100 ingenium
815 2004 951 2075 minima
965 2004 1087 2075 servile
1099 2009 1240 2079 eminuit

169 2127 270 2208 atque
288 2110 438 2182 invaluit.
461 2113 571 2182 Immo
594 2110 687 2205 apud
705 2124 836 2181 veteres
858 2110 1031 2180 exuamur
1048 2113 1135 2180 servi
1147 2115 1240 2183 omui

169 2215 329 2288 litteralia
348 2217 445 2288 laude
462 2219 591 2306 ornati,
603 2214 897 2311 quilitterutorum
914 2214 1089 2299 homiuum
1105 2220 1241 2289 nomiae

169 2325 410 2394 vendebantur.
429 2324 591 2394 Venimus
611 2321 705 2394 adid
729 2321 820 2416 quod
846 2321 907 2392 sub
931 2321 1032 2394 liuem
1062 2322 1127 2394 loci
1149 2326 1241 2396 citati

81 2518 84 2522 ,
169 2427 300 2528 legitur,
317 2430 442 2502 scilicet
456 2432 592 2500 Pactam
613 2429 723 2524 ipsum
742 2427 838 2500 fateri
860 2453 894 2500 se
913 2430 1060 2523 Scipioni
1079 2453 1118 2502 ac
1135 2429 1240 2504 Laelio

169 2561 266 2606 suum
288 2560 411 2608 nomen
424 2535 696 2606 commodavisse.
714 2536 888 2623 Quantum
906 2533 1065 2608 valeatet
1081 2538 1117 2606 in
1137 2563 1239 2633 quam

170 2658 299 2738 partem
320 2644 426 2739 accipi
448 2642 567 2711 debeat
585 2639 639 2710 illa
662 2640 843 2728 confessio,
856 2641 883 2710 si
903 2643 954 2711 vis
976 2641 1240 2738 deprehendere,

170 2763 341 2820 auctorem
364 2751 473 2846 ipsum
491 2751 675 2843 interroges
696 2761 915 2840 accusauerat,
937 2749 1033 2842 cujus
1054 2748 1146 2821 locus
1165 2749 1239 2821 talis

170 2869 245 2924 est:
268 2885 286 2922 u
308 2857 397 2930 Nam
421 2855 512 2950 qiud
531 2856 584 2926 isti
605 2854 724 2928 dicunt
746 2852 915 2940 malevoli,
940 2854 1092 2929 homiues
1112 2857 1240 2929 nobiles

250 3005 325 3062 Eum
340 3001 487 3083 adjutare,
503 3001 676 3079 assidueque
690 3021 747 3059 uua
762 2999 904 3070 scribere,

250 3099 338 3172 Quod
352 3099 394 3159 illi
409 3098 594 3159 maledictum
605 3098 761 3158 vehemens
775 3117 837 3157 esse
848 3099 1028 3169 existimant,

251 3201 322 3256 Eam
336 3195 451 3258 laudem
465 3197 513 3258 hic
529 3195 611 3254 ducit
623 3195 795 3268 maximam,
812 3215 902 3273 quum
915 3197 972 3256 illis
985 3197 1095 3278 placet,

252 3295 311 3374 Qui
323 3293 406 3354 vobis
418 3293 561 3356 universis
572 3306 601 3354 et
616 3293 728 3372 populo
740 3292 871 3371 placent;

252 3395 387 3466 Quorum
401 3410 492 3472 opera
504 3389 535 3448 in
546 3389 641 3464 bello,
653 3389 684 3448 in
698 3390 775 3464 otio,
788 3389 818 3447 in
834 3391 969 3470 negotiu,
1061 3374 1064 3382 Ι

250 3491 311 3548 suo
323 3490 447 3568 quisquc
462 3503 595 3570 tempore
611 3487 703 3548 usu’st
715 3487 778 3547 sine
793 3489 941 3567 superbia.
956 3515 969 3541 a

172 3635 258 3724 Quis
275 3635 312 3704 ia
328 3633 500 3706 hisverbis
516 3659 584 3708 nou
596 3648 756 3729 agnoscat
768 3635 1116 3712 sermonemiauctoris
1131 3651 1242 3730 patro-

135 3739 140 3752 '
172 3765 233 3810 uos
257 3741 569 3828 commemorantis,
598 3766 681 3836 quos
705 3739 780 3818 vult
803 3767 870 3812 suae
892 3741 995 3836 ipsius
1024 3741 1119 3820 famae
1142 3744 1241 3814 inser·

173 3847 259 3935 vire,
276 3871 427 3943 quosque
451 3849 486 3918 in
504 3861 631 3944 partem
650 3845 815 3926 laudiaer
828 3873 930 3942 opera
948 3863 1051 3944 partu
1067 3865 1167 3925 vocat
1178 3848 1211 3917 Ῥ

214 4071 239 4108 r.
252 4052 367 4125 Adelph.
384 4054 454 4128 prol.
467 4071 494 4107 r.
513 4050 621 4124 rsssqq.
