2926 4858
238 393 419 440 ¹crsnvnr
447 371 658 440 ERASMUS
684 371 881 441 ROTERD.
911 369 974 437 DE
1001 371 1179 440 METRlS.

262 505 417 574 dictione.
434 507 475 572 ln
493 504 576 588 line,
592 517 630 572 ut
648 506 681 572 in
700 505 807 597 prima
829 521 952 574 scena:
972 532 989 567 α
1001 503 1066 572 Sed
1081 503 1162 598 quid
1180 528 1265 598 opus
1285 519 1334 575 est

262 609 392 680 verbis?
406 641 423 676 u
441 611 505 680 Sed
523 610 603 706 quid
619 610 736 704 opu’st.
755 610 843 682 Elisa
861 610 958 681 simul
977 624 1011 678 et
1031 609 1136 678 vocali
1152 635 1181 679 e.

313 717 407 787 Idem
423 718 461 787 fit
473 719 507 788 iu
522 747 539 782 «
552 719 630 788 satis
645 734 653 782 ἱ
669 747 686 782 »
705 747 722 782 c
735 721 807 790 Nec
822 721 898 790 sotis
910 718 1009 813 digna
1025 719 1079 785 cui
1094 717 1300 804 committas,
1312 747 1329 781 o

258 838 321 893 etc.
342 827 471 894 Rursus
485 828 519 894 in
536 823 680 918 Prologo
696 825 829 894 Andriae
844 825 883 894 fit
897 827 932 893 in
943 822 1053 892 medio
1065 823 1219 892 dictionis
1234 839 1243 886 ε
1259 851 1276 886 e
1291 823 1332 892 ld

258 932 311 1000 isti
326 933 539 1026 vituperant:
556 961 573 996 2>
592 931 730 1025 aliisque
747 930 829 1002 locis
845 929 1091 1024 compluribus,
1110 953 1254 1023 quorum
1272 928 1330 998 ali·

255 1052 339 1131 quot
358 1039 393 1107 in
413 1040 562 1133 margine
582 1037 822 1108 adnotavimus.
843 1037 1017 1107 Interdum
1036 1035 1164 1104 elidunt
1182 1037 1209 1121 l,
1234 1050 1272 1103 ut
1294 1037 1329 1106 in

256 1147 366 1238 prima
388 1169 487 1215 scena
510 1142 657 1230 Andriae,
680 1173 697 1208 a
714 1147 780 1214 Pro
801 1169 906 1214 uxore
927 1143 1053 1213 habere
1074 1142 1162 1212 hanc
1181 1145 1329 1237 peregri·

257 1275 351 1337 nam,
365 1277 429 1346 ego
446 1249 528 1320 illud
547 1249 682 1320 sedulo:
702 1281 719 1316 >i
740 1265 777 1320 ut
793 1281 810 1316 o
823 1254 951 1347 grinam
969 1274 1032 1344 ego
1051 1247 1073 1317 il
1091 1248 1248 1318 »faciant
1264 1248 1325 1318 da·

254 1356 389 1452 etylum.
401 1361 497 1427 Hanc
509 1357 693 1427 libertatem
706 1351 895 1453 frequenter
906 1370 1046 1450 usurpat
1054 1359 1237 1442 Homerus,
1246 1354 1327 1426 dum

254 1487 273 1530 s
286 1463 378 1534 elidit
394 1466 428 1533 in
438 1450 593 1550 Οδυσεὺς,
602 1479 636 1533 et
645 1467 669 1551 l,
686 1466 720 1533 in
730 1455 869 1558 Ᾱχιλεύς.
882 1467 1117 1558 Saepenumero
1130 1461 1328 1532 contrahun-

257 1583 312 1637 tur
326 1570 467 1654 vocales,
477 1568 613 1639 velutin
623 1571 692 1653 his,
705 1566 835 1656 «luitpr
858 1573 1005 1655 «Deos»
1026 1569 1152 1656 «dicar
1172 1593 1324 1648 amaus.»

258 1700 394 1762 «suus»
409 1677 526 1763 «scias,
538 1706 555 1742 u
569 1677 706 1761 «nihils
722 1679 862 1757 «mihim
872 1693 910 1746 ut
921 1675 1327 1769 sintmonosyllaba.Simi·

252 1781 327 1851 liter
340 1785 418 1854 seir
430 1784 575 1878 «hujus»
588 1783 727 1878 «cujus»
742 1783 970 1880 monosyllaba
984 1781 1300 1878 ponuntursubinde
1317 1806 1325 1850 τ

258 1913 431 1972 «ewulm»
446 1915 633 1977 «meorum,
647 1890 885 1985 »dissyllaba«
891 1891 1043 1961 Liberius
1052 1888 1184 1958 vivendi
1196 1887 1258 1958 fuit
1271 1913 1326 1982 po

255 2009 397 2067 testastr
412 1997 467 2066 «di
484 1999 547 2067 fuit
555 2028 572 2062 s
584 1998 663 2068 facit
672 1997 875 2091 spondaeum.
892 1999 1107 2091 «Sciasposse
1122 1994 1325 2086 haberejam

252 2103 360 2196 ipsum
369 2129 470 2186 suam
484 2107 792 2199 etcoSciasposses
805 2103 1037 2200 spondaeusest
1047 2115 1095 2170 :et
1106 2125 1216 2170 «suae»
1226 2096 1341 2170 unica

253 2209 376 2302 syllaba
389 2226 447 2280 est.
454 2214 592 2280 «Meum
601 2227 739 2306 gnatum
747 2235 864 2280 rumor
872 2225 923 2280 est
932 2235 1072 2279 amares
1085 2210 1223 2277 «Meum
1233 2231 1323 2301 gna»

255 2316 431 2410 spondaeus
440 2332 499 2386 est.
515 2320 599 2386 ltem
611 2345 629 2381 c
640 2316 1020 2412 antehaeadissyllabum
1037 2329 1099 2384 est:
1114 2317 1223 2384 «Nam
1232 2313 1324 2408 quod

251 2423 392 2492 antehac
404 2423 510 2492 lecit.»
520 2426 724 2517 Frequenter
740 2424 874 2494 eliditur
887 2423 958 2493 din
978 2422 1139 2517 cquidret
1150 2420 1324 2515 «sedupro

253 2528 376 2617 vocali,
390 2545 441 2616 et,
459 2532 546 2600 sicut
563 2530 597 2598 in
609 2557 627 2592 n
638 2530 847 2624 periculum»
862 2529 1061 2617 elidimusu,
1078 2528 1167 2598 idern
1174 2527 1230 2596 hic
1244 2526 1325 2598 facit

249 2636 283 2702 in
305 2633 529 2730 «paululum»
548 2650 582 2705 et
607 2638 830 2708 «annulum»
846 2638 938 2727 Quin
960 2652 994 2707 et
1016 2634 1149 2731 s'yllabae
1165 2633 1320 2728 quaedam

247 2739 342 2810 aliter
371 2743 653 2837 pronuntiantur,
680 2769 780 2837 quam
808 2744 898 2840 apud
925 2744 1126 2814 recentiores
1152 2755 1322 2834 usurpatae

247 2861 346 2933 sunt,
367 2848 459 2918 velut
479 2852 514 2918 in
536 2850 738 2944 «suspicio»
755 2851 900 2921 secunda
926 2849 1123 2943 producitur
1138 2874 1146 2916 :
1161 2846 1250 2916 unde
1269 2845 1321 2917 sa·

247 2967 338 3022 ctum
356 2971 423 3040 est,
435 2971 473 3025 ut
487 2956 622 3051 quidam
634 2955 747 3050 legant
761 2961 1020 3053 impactionem.
1031 2958 1178 3025 Rursum
1192 2955 1227 3021 in
1244 2981 1262 3018 e
1271 2977 1323 3022 ca·

247 3069 331 3144 ve‘,»
351 3061 496 3149 «vale,›²
520 3085 691 3147 «mane,1›
711 3078 746 3132 et
771 3064 884 3132 «ubi»
907 3061 1014 3132 finalis
1040 3061 1229 3155 corripitur.
1253 3061 1320 3128 Mi·

247 3169 338 3237 nimo
361 3183 532 3238 momento
554 3183 703 3239 mutatur
725 3191 830 3265 genus
857 3170 1032 3254 carminis,
1059 3167 1202 3236 velutin
1224 3179 1320 3238 actus

245 3278 354 3368 quarti
363 3274 1011 3372 scenaprirna.Silegas,«lndenegando
1021 3273 1200 3368 modoquis
1209 3272 1321 3368 pudor

244 3397 294 3451 est
315 3381 531 3476 paululum»
554 3385 704 3452 trimeter
732 3391 782 3453 est
808 3383 978 3452 iambicus.
1003 3384 1148 3466 Rursus,
1164 3381 1192 3448 si
1215 3382 1319 3448 «In»

244 3488 399 3560 adnectas
414 3491 602 3560 finiversus
616 3491 976 3584 praestantissimus
991 3487 1157 3558 constabit
1172 3499 1319 3580 quatuor

241 3598 371 3664 creticis
385 3595 621 3693 :Denegando
632 3597 819 3694 modoquis
837 3597 956 3691 pu-dor
974 3610 1023 3678 est
1041 3591 1223 3692 paululum.
1235 3593 1270 3662 Si
1281 3593 1318 3662 in

246 3698 1318 3800 «modo»iaciaspyrrhichium,erittrimetertrocbaicuscatale·

238 3811 611 3907 cticustnDenegando
622 3811 723 3880 modo
733 3813 805 3905 quis
815 3809 934 3906 pudor
943 3807 1316 3904 est-paululum.»Porro

238 3917 325 3985 inter
343 3917 502 3988 iambicos
523 3933 735 3988 tetrametros
755 3918 988 3988 acatalecticus
1005 3931 1039 3986 et
1058 3913 1245 3984 trochaicus
1263 3929 1314 3983 tc·

237 4035 412 4099 tramctros
427 4025 635 4096 catalecticos
655 4041 746 4095 tanta
762 4039 812 4094 cst
825 4024 969 4094 affinitas
981 4077 989 4111 ,
1003 4039 1040 4092 ut
1050 4019 1217 4091 interdum
1230 4019 1314 4089 nihil
