2890 4866
390 373 564 444 VICTOR
591 373 654 444 DE
682 373 934 444 COMOEDIA.
1116 398 1199 446 utu

467 551 529 608 Lex
543 560 588 608 est
604 563 722 628 accepta
736 571 746 607 t
762 549 926 627 chorusque

285 647 427 727 Turpiter
440 645 579 721 obticuit,
591 645 711 705 sublato
721 647 787 727 jure
800 645 934 706 nocendi.

122 821 236 888 Mirer
252 831 382 903 autem,
400 815 494 911 quasi
513 826 698 883 monstrum
718 814 948 907 conspicatus,
972 811 1084 901 illum,
1104 817 1198 910 cujus

122 927 252 1021 scripta
281 923 344 994 sub
367 924 509 992 Acconis
533 920 667 990 nomine
696 920 991 1007 circumferuntur,
1013 919 1066 991 vel
1091 924 1117 992 si
1145 938 1196 993 est

123 1033 198 1127 ipse
217 1035 324 1118 Acro,
343 1028 461 1100 dixisse
486 1027 519 1097 id
543 1026 615 1121 lege
636 1041 769 1096 cautum
795 1027 856 1096 sub
877 1030 1039 1122 Augusto.
1061 1030 1196 1099 Poterat

123 1137 354 1207 mediusfidius
374 1135 579 1231 perspexisse
601 1124 721 1220 (modo
744 1131 897 1202 Plautum
923 1147 981 1202 aut
1003 1137 1194 1204 Terentium

122 1237 263 1340 legerit)
282 1268 324 1312 an
349 1255 426 1312 ante
443 1246 630 1337 Augustum
652 1252 734 1308 actes
752 1237 885 1308 Fabulae
907 1263 1107 1335 quemquam
1130 1268 1187 1312 mo

123 1349 338 1420 mordissent.
369 1350 401 1419 0
428 1371 528 1443 quam
555 1347 686 1442 egregie
715 1359 846 1415 vetusta
874 1349 987 1431 novis,
1011 1349 1195 1442 Latineque

122 1459 254 1528 Graecis
272 1481 340 1526 non
353 1455 409 1524 hic
429 1453 548 1541 modo,
559 1477 676 1520 verum
694 1466 728 1521 et
746 1450 800 1520 alii
823 1453 956 1522 fortuna
977 1452 1097 1524 similes
1119 1479 1194 1524 con·

122 1561 294 1633 fuderunt
311 1562 446 1656 Quippe
461 1560 528 1629 hoc
549 1558 688 1628 Athenis
706 1556 879 1628 decretura
900 1560 1027 1653 patricii
1043 1560 1191 1656 promul·

120 1693 246 1765 gauere
258 1670 315 1737 vix
328 1693 417 1738 anna
431 1666 533 1736 Urbis
543 1667 659 1734 Romae
672 1663 924 1760 quadragesimo
938 1667 1079 1762 septimo
1091 1693 1193 1764 supra

120 1789 338 1859 tercentum,
355 1770 509 1844 videlicet
518 1795 622 1866 Qum
635 1769 760 1838 tribuni
780 1768 936 1840 militares
950 1772 1091 1868 imperio
1106 1799 1190 1846 con·

121 1881 225 1952 sulari
245 1892 447 1952 crearentur.

178 1987 386 2058 Comoediam
412 1988 524 2080 itaque
548 1999 680 2080 tempus
700 1997 734 2052 et
751 1984 906 2069 materia,
926 1983 1012 2053 sicut
1031 1985 1190 2076 diximus,

122 2095 159 2164 in
173 2096 237 2164 tria
255 2117 377 2190 genera
397 2090 566 2176 dividunt,
587 2089 760 2183 antiquum
779 2088 917 2174 scilicet,
940 2103 976 2158 et
994 2115 1138 2177 novum,
1157 2108 1192 2162 et

123 2200 283 2270 medium.
300 2197 411 2295 Stylus
434 2223 531 2284 vero,
549 2196 699 2279 numeri,
716 2210 751 2264 et
770 2208 949 2290 apparatus
970 2194 1093 2292 duplici
1118 2214 1189 2268 tan·

122 2319 197 2376 tum
212 2309 356 2378 sectione
370 2307 578 2400 partiuntur3
593 2303 722 2374 diversa
742 2315 855 2371 tamen
867 2301 995 2371 ratione
1008 2327 1019 2372 a
1033 2307 1189 2397 quoniam

120 2412 227 2508 stylus
247 2429 279 2484 et
301 2413 431 2484 numeri
454 2412 636 2480 vetustiora
660 2408 728 2478 duo
750 2407 845 2477 simul
868 2424 1093 2504 componunt,
1115 2437 1189 2507 quae

119 2520 166 2590 ad
182 2520 408 2592 Alexandrum
430 2542 534 2613 usque
554 2539 758 2612 pervenere:
774 2513 831 2584 sed
847 2530 1027 2611 apparatus
1042 2517 1188 2590 medium

119 2625 203 2696 illud
222 2627 369 2698 annectit
386 2625 572 2700 recentiori.
587 2625 674 2694 Nam
696 2624 729 2690 in
745 2637 887 2714 utroque
908 2613 950 2714 (si
961 2627 1189 2717 grammaticis

117 2733 324 2803 credendum
343 2730 405 2820 est)
422 2730 514 2802 nulla
534 2729 627 2800 chori
648 2726 894 2798 modulamenta
916 2730 1136 2824 reperiuntur.

160 2841 251 2910 ¹Non
273 2855 384 2918 autem
401 2863 472 2910 esse
487 2837 632 2906 arbitror
642 2835 787 2904 alienum
800 2836 835 2902 in
849 2837 1023 2929 praesentia
1035 2837 1187 2930 quaedam

119 2944 368 3041 particulariter
380 2942 606 3031 considerare,
616 2966 689 3037 quae
704 2940 854 3035 profecto
872 2939 977 3010 multa
995 2959 1187 3016 nonerunt:

117 3055 278 3148 quoniam
297 3049 393 3122 facile
412 3050 543 3120 videtur
560 3074 600 3120 ex
621 3049 780 3118 hactenus
793 3046 888 3116 dictis
902 3047 971 3116 fere
988 3073 1103 3120 ornnes
1117 3066 1188 3122 tum

119 3161 276 3246 Graecas,
303 3173 374 3231 tum
400 3159 534 3230 Latinas
565 3156 672 3225 metiri
701 3153 913 3240 Comoedias,
943 3156 969 3224 si
998 3170 1187 3250 temporum

120 3267 304 3360 presertim
326 3263 426 3334 ullam
448 3263 572 3334 habere
592 3259 735 3330 volueris
757 3261 916 3330 rationem
941 3285 949 3330 a
972 3263 1105 3356 quando
1126 3265 1190 3334 sci-

119 3371 199 3443 licet
227 3373 261 3440 in
290 3395 389 3442 scena
413 3369 563 3450 lloruerit
599 3368 822 3462 unusquisque
849 3366 1050 3438 Fabularum
1080 3385 1186 3464 poeta.

120 3479 270 3548 Primum
290 3479 390 3574 igitur
408 3479 524 3546 Romae
537 3473 696 3544 Fabulam
718 3473 929 3544 dareLueius
947 3476 1063 3544 Livius
1079 3500 1188 3549 occoe·

121 3587 172 3680 pit
193 3584 321 3656 decium
342 3608 442 3678 supra
463 3583 763 3677 quingentesimum
782 3580 884 3649 Urbis
906 3604 1021 3650 anno:
1041 3585 1098 3674 qui
1117 3587 1189 3679 qni-

117 3691 216 3776 dem,
229 3690 337 3762 Gellio
352 3703 454 3776 teste,
467 3689 757 3783 quinquagesimus
770 3684 934 3755 secundus
947 3688 990 3756 ab
1005 3687 1097 3758 obitu
1115 3694 1191 3760 Me·

119 3797 242 3868 nandri
264 3796 521 3868 numerabatur:
534 3796 692 3889 vigesimo
714 3794 782 3862 fere
797 3807 912 3886 postea
931 3817 1031 3886 quam
1049 3799 1192 3866 Romani

120 3907 268 4000 primum
283 3901 614 3998 Carthaginiensibus
633 3899 757 3970 bellum
775 3899 968 3969 indixissent
984 3925 991 3969 :
1007 3915 1087 3971 tunc
1102 3897 1190 3972 enini

119 4035 204 4107 pace
237 4012 440 4105 composita,
460 4033 533 4102 quae
557 4005 682 4104 populo
709 4020 803 4076 tanto
831 4029 931 4100 opere
962 4008 1192 4102 expetebatur,
