<?xml version="1.0" encoding="UTF-8"?>
<!DOCTYPE html PUBLIC "-//W3C//DTD XHTML 1.0 Transitional//EN"
    "http://www.w3.org/TR/xhtml1/DTD/xhtml1-transitional.dtd">
<html xmlns="http://www.w3.org/1999/xhtml" xml:lang="en" lang="en">
 <head>
  <title>
</title>
<meta http-equiv="Content-Type" content="text/html;charset=utf-8" />
  <meta name='ocr-system' content='tesseract 3.04.00' />
  <meta name='ocr-capabilities' content='ocr_page ocr_carea ocr_par ocr_line ocrx_word'/>
</head>
<body>
  <div class='ocr_page' id='page_1' title='image "./publiiterentiia04lemagoog_0671.png"; bbox 0 0 3026 4862; ppageno 0'>
   <div class='ocr_carea' id='block_1_1' title="bbox 458 373 1285 470">
    <p class='ocr_par' dir='ltr' id='par_1_1' title="bbox 458 373 1285 470">
     <span class='ocr_line' id='line_1_1' title="bbox 458 373 1285 470; baseline 0.004 -28"><span class='ocrx_word' id='word_1_1' title='bbox 458 374 641 442; x_wconf 86' lang='lat' dir='ltr'><strong>HEAUT.</strong></span> <span class='ocrx_word' id='word_1_2' title='bbox 671 375 779 445; x_wconf 87' lang='lat' dir='ltr'>ACT.</span> <span class='ocrx_word' id='word_1_3' title='bbox 810 377 853 461; x_wconf 86' lang='lat' dir='ltr'><strong>V,</strong></span> <span class='ocrx_word' id='word_1_4' title='bbox 881 377 950 444; x_wconf 89' lang='lat' dir='ltr'><strong>SC.</strong></span> <span class='ocrx_word' id='word_1_5' title='bbox 979 377 1046 444; x_wconf 87' lang='lat' dir='ltr'><strong>lv.</strong></span> <span class='ocrx_word' id='word_1_6' title='bbox 1210 373 1285 470; x_wconf 68' lang='lat'><strong>457</strong></span> 
     </span>
    </p>
   </div>
   <div class='ocr_carea' id='block_1_2' title="bbox 214 505 1286 1431">
    <p class='ocr_par' dir='ltr' id='par_1_2' title="bbox 218 505 1284 602">
     <span class='ocr_line' id='line_1_2' title="bbox 218 505 1284 602; baseline -0.005 -23"><span class='ocrx_word' id='word_1_7' title='bbox 218 512 294 579; x_wconf 91' lang='lat' dir='ltr'><strong>Sos.</strong></span> <span class='ocrx_word' id='word_1_8' title='bbox 312 506 385 593; x_wconf 90' lang='lat' dir='ltr'><strong>Oh,</strong></span> <span class='ocrx_word' id='word_1_9' title='bbox 401 505 534 600; x_wconf 86' lang='lat' dir='ltr'><strong>iniquus</strong></span> <span class='ocrx_word' id='word_1_10' title='bbox 553 529 604 594; x_wconf 88' lang='lat' dir='ltr'><strong>es,</strong></span> <span class='ocrx_word' id='word_1_11' title='bbox 627 509 683 601; x_wconf 90' lang='lat' dir='ltr'><strong>qui</strong></span> <span class='ocrx_word' id='word_1_12' title='bbox 702 532 756 576; x_wconf 90' lang='lat' dir='ltr'><strong>me</strong></span> <span class='ocrx_word' id='word_1_13' title='bbox 777 521 886 577; x_wconf 85' lang='lat' dir='ltr'><strong>tacere</strong></span> <span class='ocrx_word' id='word_1_14' title='bbox 904 507 945 578; x_wconf 94' lang='lat' dir='ltr'><strong>de</strong></span> <span class='ocrx_word' id='word_1_15' title='bbox 964 533 1000 577; x_wconf 89' lang='lat' dir='ltr'><strong>re</strong></span> <span class='ocrx_word' id='word_1_16' title='bbox 1019 521 1111 578; x_wconf 84' lang='lat' dir='ltr'><strong>tanta</strong></span> <span class='ocrx_word' id='word_1_17' title='bbox 1128 506 1284 602; x_wconf 79' lang='lat' dir='ltr'>postules.</span> 
     </span>
    </p>

    <p class='ocr_par' dir='ltr' id='par_1_3' title="bbox 217 611 1286 790">
     <span class='ocr_line' id='line_1_3' title="bbox 217 611 1286 709; baseline -0.004 -23"><span class='ocrx_word' id='word_1_18' title='bbox 217 619 309 686; x_wconf 99' lang='grc' dir='ltr'><strong>ΕΗΒ.</strong></span> <span class='ocrx_word' id='word_1_19' title='bbox 331 617 409 685; x_wconf 88' lang='grc' dir='ltr'><strong>ΝοΒ</strong></span> <span class='ocrx_word' id='word_1_20' title='bbox 431 611 583 708; x_wconf 80' lang='lat' dir='ltr'><strong>postu103</strong></span> <span class='ocrx_word' id='word_1_21' title='bbox 601 614 672 707; x_wconf 84' lang='lat' dir='ltr'><strong>jum</strong></span> <span class='ocrx_word' id='word_1_22' title='bbox 694 612 844 709; x_wconf 82' lang='lat' dir='ltr'><strong>loquere3</strong></span> <span class='ocrx_word' id='word_1_23' title='bbox 868 613 972 684; x_wconf 86' lang='lat' dir='ltr'>nihilo</span> <span class='ocrx_word' id='word_1_24' title='bbox 998 617 1109 684; x_wconf 88' lang='lat' dir='ltr'><strong>minus</strong></span> <span class='ocrx_word' id='word_1_25' title='bbox 1134 638 1196 708; x_wconf 83' lang='lat' dir='ltr'><strong>ego</strong></span> <span class='ocrx_word' id='word_1_26' title='bbox 1222 612 1286 682; x_wconf 91' lang='lat' dir='ltr'><strong>hoc</strong></span> 
     </span>
     <span class='ocr_line' id='line_1_4' title="bbox 375 721 637 790; baseline 0 0"><span class='ocrx_word' id='word_1_27' title='bbox 375 721 495 790; x_wconf 78' lang='lat' dir='ltr'><strong>seciam</strong></span> <span class='ocrx_word' id='word_1_28' title='bbox 516 734 637 790; x_wconf 83' lang='lat' dir='ltr'><strong>tamen.</strong></span> 
     </span>
    </p>

    <p class='ocr_par' dir='ltr' id='par_1_4' title="bbox 217 813 1284 1004">
     <span class='ocr_line' id='line_1_5' title="bbox 217 813 1283 924; baseline -0.006 -25"><span class='ocrx_word' id='word_1_29' title='bbox 217 831 290 900; x_wconf 91' lang='lat' dir='ltr'><strong>Sos.</strong></span> <span class='ocrx_word' id='word_1_30' title='bbox 310 813 447 898; x_wconf 74' lang='lat' dir='ltr'><strong>Facies?</strong></span> <span class='ocrx_word' id='word_1_31' title='bbox 463 829 551 897; x_wconf 89' lang='grc' dir='ltr'><strong>ΕΗΒ.</strong></span> <span class='ocrx_word' id='word_1_32' title='bbox 560 828 699 896; x_wconf 87' lang='lat' dir='ltr'><strong>Verum.</strong></span> <span class='ocrx_word' id='word_1_33' title='bbox 717 829 792 900; x_wconf 85' lang='lat' dir='ltr'><strong>Sos.</strong></span> <span class='ocrx_word' id='word_1_34' title='bbox 809 829 887 899; x_wconf 87' lang='lat' dir='ltr'><strong>Non</strong></span> <span class='ocrx_word' id='word_1_35' title='bbox 906 827 1015 917; x_wconf 86' lang='lat' dir='ltr'><strong>vides,</strong></span> <span class='ocrx_word' id='word_1_36' title='bbox 1029 841 1191 924; x_wconf 89' lang='lat' dir='ltr'><strong>quantum</strong></span> <span class='ocrx_word' id='word_1_37' title='bbox 1206 824 1283 895; x_wconf 86' lang='lat' dir='ltr'><strong>mali</strong></span> 
     </span>
     <span class='ocr_line' id='line_1_6' title="bbox 374 922 1284 1004; baseline -0.004 0"><span class='ocrx_word' id='word_1_38' title='bbox 374 957 470 1004; x_wconf 89' lang='lat' dir='ltr'><strong>exea</strong></span> <span class='ocrx_word' id='word_1_39' title='bbox 487 958 523 1002; x_wconf 90' lang='lat' dir='ltr'><strong>re</strong></span> <span class='ocrx_word' id='word_1_40' title='bbox 542 922 692 1004; x_wconf 69' lang='lat' dir='ltr'><strong>excites?</strong></span> <span class='ocrx_word' id='word_1_41' title='bbox 1233 961 1284 1001; x_wconf 62' lang='grc' dir='ltr'><strong>...Β</strong></span> 
     </span>
    </p>

    <p class='ocr_par' dir='ltr' id='par_1_5' title="bbox 215 1039 1283 1218">
     <span class='ocr_line' id='line_1_7' title="bbox 215 1039 1283 1136; baseline -0.002 -26"><span class='ocrx_word' id='word_1_42' title='bbox 215 1041 391 1111; x_wconf 84' lang='lat' dir='ltr'><strong>Subditum</strong></span> <span class='ocrx_word' id='word_1_43' title='bbox 422 1065 457 1110; x_wconf 89' lang='lat' dir='ltr'><strong>se</strong></span> <span class='ocrx_word' id='word_1_44' title='bbox 482 1042 678 1136; x_wconf 88' lang='lat' dir='ltr'><strong>suspicatur.</strong></span> <span class='ocrx_word' id='word_1_45' title='bbox 714 1042 804 1112; x_wconf 86' lang='grc' dir='ltr'><strong>ΕΗΒ.</strong></span> <span class='ocrx_word' id='word_1_46' title='bbox 834 1040 1010 1111; x_wconf 84' lang='lat' dir='ltr'><strong>Subditum</strong></span> <span class='ocrx_word' id='word_1_47' title='bbox 1040 1041 1094 1108; x_wconf 84' lang='lat' dir='ltr'><strong>ain</strong></span> <span class='ocrx_word' id='word_1_48' title='bbox 1118 1039 1177 1110; x_wconf 82' lang='lat' dir='ltr'><strong>tu?</strong></span> <span class='ocrx_word' id='word_1_49' title='bbox 1207 1040 1283 1111; x_wconf 87' lang='lat' dir='ltr'><strong>Sos.</strong></span> 
     </span>
     <span class='ocr_line' id='line_1_8' title="bbox 373 1147 633 1218; baseline -0.012 -1"><span class='ocrx_word' id='word_1_50' title='bbox 373 1149 473 1217; x_wconf 85' lang='lat' dir='ltr'><strong>Certe</strong></span> <span class='ocrx_word' id='word_1_51' title='bbox 492 1147 538 1216; x_wconf 90' lang='lat' dir='ltr'><strong>sic</strong></span> <span class='ocrx_word' id='word_1_52' title='bbox 559 1149 633 1218; x_wconf 90' lang='lat' dir='ltr'><strong>erit.</strong></span> 
     </span>
    </p>

    <p class='ocr_par' dir='ltr' id='par_1_6' title="bbox 214 1253 1282 1431">
     <span class='ocr_line' id='line_1_9' title="bbox 214 1253 1282 1342; baseline -0.002 -18"><span class='ocrx_word' id='word_1_53' title='bbox 214 1255 306 1325; x_wconf 92' lang='grc' dir='ltr'><strong>ΕΗΒ.</strong></span> <span class='ocrx_word' id='word_1_54' title='bbox 330 1253 509 1325; x_wconf 85' lang='lat' dir='ltr'><strong>Confitere.</strong></span> <span class='ocrx_word' id='word_1_55' title='bbox 536 1256 613 1324; x_wconf 88' lang='lat' dir='ltr'><strong>Sos.</strong></span> <span class='ocrx_word' id='word_1_56' title='bbox 635 1255 710 1340; x_wconf 85' lang='lat' dir='ltr'><strong>Au,</strong></span> <span class='ocrx_word' id='word_1_57' title='bbox 732 1254 871 1324; x_wconf 88' lang='lat' dir='ltr'><strong>obsecro</strong></span> <span class='ocrx_word' id='word_1_58' title='bbox 894 1268 941 1342; x_wconf 93' lang='lat' dir='ltr'><strong>te,</strong></span> <span class='ocrx_word' id='word_1_59' title='bbox 966 1256 1051 1324; x_wconf 88' lang='lat' dir='ltr'><strong>istuc</strong></span> <span class='ocrx_word' id='word_1_60' title='bbox 1077 1253 1199 1324; x_wconf 84' lang='lat' dir='ltr'><strong>nostris</strong></span> <span class='ocrx_word' id='word_1_61' title='bbox 1218 1255 1282 1322; x_wconf 89' lang='lat' dir='ltr'><strong>iui-</strong></span> 
     </span>
     <span class='ocr_line' id='line_1_10' title="bbox 372 1362 554 1431; baseline -0.005 -2"><span class='ocrx_word' id='word_1_62' title='bbox 372 1362 465 1431; x_wconf 92' lang='lat' dir='ltr'><strong>micis</strong></span> <span class='ocrx_word' id='word_1_63' title='bbox 484 1362 554 1430; x_wconf 89' lang='lat' dir='ltr'><strong>siet.</strong></span> 
     </span>
    </p>
   </div>
   <div class='ocr_carea' id='block_1_3' title="bbox 204 1569 1282 3482">
    <p class='ocr_par' dir='ltr' id='par_1_7' title="bbox 210 1569 1282 1964">
     <span class='ocr_line' id='line_1_11' title="bbox 256 1569 1281 1645; baseline -0.002 -19"><span class='ocrx_word' id='word_1_64' title='bbox 256 1572 341 1626; x_wconf 83' lang='lat'>1013.</span> <span class='ocrx_word' id='word_1_65' title='bbox 365 1573 424 1627; x_wconf 80' lang='lat' dir='ltr'><strong>Ob!</strong></span> <span class='ocrx_word' id='word_1_66' title='bbox 447 1575 506 1645; x_wconf 81' lang='lat' dir='ltr'><strong>iniq.</strong></span> <span class='ocrx_word' id='word_1_67' title='bbox 531 1592 564 1626; x_wconf 84' lang='lat' dir='ltr'><strong>es.</strong></span> <span class='ocrx_word' id='word_1_68' title='bbox 591 1571 665 1626; x_wconf 86' lang='lat' dir='ltr'><strong>lilud</strong></span> <span class='ocrx_word' id='word_1_69' title='bbox 692 1573 725 1625; x_wconf 83' lang='lat' dir='ltr'><strong>ob</strong></span> <span class='ocrx_word' id='word_1_70' title='bbox 769 1573 858 1626; x_wconf 84' lang='lat' dir='ltr'><strong>statim</strong></span> <span class='ocrx_word' id='word_1_71' title='bbox 880 1569 992 1632; x_wconf 78' lang='lat' dir='ltr'><strong>domum</strong></span> <span class='ocrx_word' id='word_1_72' title='bbox 1008 1573 1090 1640; x_wconf 86' lang='lat' dir='ltr'><strong>abiit,</strong></span> <span class='ocrx_word' id='word_1_73' title='bbox 1110 1585 1136 1626; x_wconf 92' lang='lat' dir='ltr'><strong>et</strong></span> <span class='ocrx_word' id='word_1_74' title='bbox 1157 1573 1235 1626; x_wconf 89' lang='lat' dir='ltr'><strong>matri</strong></span> <span class='ocrx_word' id='word_1_75' title='bbox 1252 1573 1281 1624; x_wconf 88' lang='lat' dir='ltr'><strong>in</strong></span> 
     </span>
     <span class='ocr_line' id='line_1_12' title="bbox 211 1649 1280 1726; baseline 0.002 -22"><span class='ocrx_word' id='word_1_76' title='bbox 211 1649 372 1721; x_wconf 67' lang='lat' dir='ltr'>precedenti</span> <span class='ocrx_word' id='word_1_77' title='bbox 410 1653 502 1726; x_wconf 67' lang='lat' dir='ltr'><strong>ierint</strong></span> <span class='ocrx_word' id='word_1_78' title='bbox 534 1650 724 1726; x_wconf 82' lang='lat' dir='ltr'><strong>apponendum</strong></span> <span class='ocrx_word' id='word_1_79' title='bbox 751 1665 894 1724; x_wconf 77' lang='lat' dir='ltr'><strong>&#39;gynaeeeo</strong></span> <span class='ocrx_word' id='word_1_80' title='bbox 918 1653 1051 1720; x_wconf 80' lang='lat' dir='ltr'><strong>narravit,</strong></span> <span class='ocrx_word' id='word_1_81' title='bbox 1084 1666 1158 1726; x_wconf 90' lang='lat' dir='ltr'><strong>patre</strong></span> <span class='ocrx_word' id='word_1_82' title='bbox 1181 1653 1210 1705; x_wconf 93' lang='lat' dir='ltr'><strong>in</strong></span> <span class='ocrx_word' id='word_1_83' title='bbox 1230 1653 1280 1706; x_wconf 83' lang='lat' dir='ltr'><strong>alia</strong></span> 
     </span>
     <span class='ocr_line' id='line_1_13' title="bbox 212 1729 1282 1805; baseline 0.003 -22"><span class='ocrx_word' id='word_1_84' title='bbox 212 1744 302 1784; x_wconf 89' lang='lat' dir='ltr'><strong>censet</strong></span> <span class='ocrx_word' id='word_1_85' title='bbox 317 1733 404 1791; x_wconf 86' lang='lat' dir='ltr'><strong>Benti.</strong></span> <span class='ocrx_word' id='word_1_86' title='bbox 418 1734 458 1787; x_wconf 85' lang='lat' dir='ltr'><strong>Ita</strong></span> <span class='ocrx_word' id='word_1_87' title='bbox 466 1746 493 1786; x_wconf 90' lang='lat' dir='ltr'><strong>et</strong></span> <span class='ocrx_word' id='word_1_88' title='bbox 501 1731 581 1786; x_wconf 81' lang='lat' dir='ltr'><strong>habet</strong></span> <span class='ocrx_word' id='word_1_89' title='bbox 591 1733 719 1788; x_wconf 89' lang='lat' dir='ltr'><strong>Both.-</strong></span> <span class='ocrx_word' id='word_1_90' title='bbox 768 1744 845 1804; x_wconf 87' lang='lat' dir='ltr'><strong>parte</strong></span> <span class='ocrx_word' id='word_1_91' title='bbox 865 1729 963 1785; x_wconf 75' lang='lat' dir='ltr'><strong>tedium</strong></span> <span class='ocrx_word' id='word_1_92' title='bbox 984 1744 1092 1804; x_wconf 77' lang='lat' dir='ltr'><strong>agente,</strong></span> <span class='ocrx_word' id='word_1_93' title='bbox 1115 1731 1181 1786; x_wconf 89' lang='lat' dir='ltr'><strong>dum</strong></span> <span class='ocrx_word' id='word_1_94' title='bbox 1200 1732 1282 1805; x_wconf 82' lang='lat' dir='ltr'><strong>Syrus</strong></span> 
     </span>
     <span class='ocr_line' id='line_1_14' title="bbox 210 1811 1280 1886; baseline 0.006 -26"><span class='ocrx_word' id='word_1_95' title='bbox 210 1811 651 1886; x_wconf 67' lang='lat' dir='ltr'><strong>Demaratuscilioetinpericulo</strong></span> <span class='ocrx_word' id='word_1_96' title='bbox 665 1812 723 1866; x_wconf 87' lang='lat' dir='ltr'><strong>filii.</strong></span> <span class='ocrx_word' id='word_1_97' title='bbox 768 1813 841 1866; x_wconf 87' lang='lat' dir='ltr'><strong>soins</strong></span> <span class='ocrx_word' id='word_1_98' title='bbox 853 1829 943 1864; x_wconf 87' lang='lat' dir='ltr'><strong>secum</strong></span> <span class='ocrx_word' id='word_1_99' title='bbox 967 1830 1010 1864; x_wconf 85' lang='lat' dir='ltr'><strong>sex</strong></span> <span class='ocrx_word' id='word_1_100' title='bbox 1030 1825 1168 1883; x_wconf 84' lang='lat' dir='ltr'>sequentes</span> <span class='ocrx_word' id='word_1_101' title='bbox 1189 1831 1280 1866; x_wconf 79' lang='lat' dir='ltr'><strong>versus</strong></span> 
     </span>
     <span class='ocr_line' id='line_1_15' title="bbox 211 1888 1281 1964; baseline 0.002 -22"><span class='ocrx_word' id='word_1_102' title='bbox 211 1888 259 1944; x_wconf 85' lang='lat' dir='ltr'><strong>Vs.</strong></span> <span class='ocrx_word' id='word_1_103' title='bbox 274 1894 340 1962; x_wconf 75' lang='grc'><strong>984.</strong></span> <span class='ocrx_word' id='word_1_104' title='bbox 766 1891 895 1964; x_wconf 88' lang='lat' dir='ltr'><strong>loquitur.</strong></span> <span class='ocrx_word' id='word_1_105' title='bbox 924 1891 1009 1961; x_wconf 80' lang='lat' dir='ltr'>Igitur</span> <span class='ocrx_word' id='word_1_106' title='bbox 1022 1890 1141 1962; x_wconf 89' lang='lat' dir='ltr'>Clitipho</span> <span class='ocrx_word' id='word_1_107' title='bbox 1160 1891 1281 1964; x_wconf 79' lang='lat' dir='ltr'><strong>primum</strong></span> 
     </span>
    </p>

    <p class='ocr_par' dir='ltr' id='par_1_8' title="bbox 206 1971 1279 2363">
     <span class='ocr_line' id='line_1_16' title="bbox 253 1971 1278 2045; baseline 0 -22"><span class='ocrx_word' id='word_1_108' title='bbox 253 1979 338 2034; x_wconf 73' lang='lat'>1014.</span> <span class='ocrx_word' id='word_1_109' title='bbox 359 1974 418 2026; x_wconf 81' lang='lat' dir='ltr'><strong>Nom</strong></span> <span class='ocrx_word' id='word_1_110' title='bbox 427 1974 543 2043; x_wconf 77' lang='lat' dir='ltr'><strong>postulo,·</strong></span> <span class='ocrx_word' id='word_1_111' title='bbox 552 1975 605 2043; x_wconf 79' lang='lat' dir='ltr'><strong>jam</strong></span> <span class='ocrx_word' id='word_1_112' title='bbox 621 1975 722 2045; x_wconf 78' lang='lat' dir='ltr'><strong>loquere.</strong></span> <span class='ocrx_word' id='word_1_113' title='bbox 768 1971 843 2026; x_wconf 91' lang='lat' dir='ltr'><strong>domi</strong></span> <span class='ocrx_word' id='word_1_114' title='bbox 855 1971 934 2024; x_wconf 79' lang='lat' dir='ltr'><strong>matri</strong></span> <span class='ocrx_word' id='word_1_115' title='bbox 948 1989 1005 2022; x_wconf 88' lang='lat' dir='ltr'><strong>rem</strong></span> <span class='ocrx_word' id='word_1_116' title='bbox 1018 1971 1139 2042; x_wconf 86' lang='lat' dir='ltr'><strong>aperuit,</strong></span> <span class='ocrx_word' id='word_1_117' title='bbox 1152 1990 1234 2042; x_wconf 80' lang='lat' dir='ltr'><strong>quam</strong></span> <span class='ocrx_word' id='word_1_118' title='bbox 1250 1971 1278 2023; x_wconf 90' lang='lat' dir='ltr'><strong>in</strong></span> 
     </span>
     <span class='ocr_line' id='line_1_17' title="bbox 210 2049 1279 2124; baseline 0.001 -22"><span class='ocrx_word' id='word_1_119' title='bbox 210 2049 288 2104; x_wconf 77' lang='lat' dir='ltr'><strong>Melit</strong></span> <span class='ocrx_word' id='word_1_120' title='bbox 310 2051 485 2106; x_wconf 81' lang='lat' dir='ltr'><strong>Westerhov.</strong></span> <span class='ocrx_word' id='word_1_121' title='bbox 514 2050 723 2124; x_wconf 77' lang='lat' dir='ltr'><strong>distinguizNon</strong></span> <span class='ocrx_word' id='word_1_122' title='bbox 767 2071 843 2106; x_wconf 82' lang='lat' dir='ltr'><strong>scena</strong></span> <span class='ocrx_word' id='word_1_123' title='bbox 857 2050 980 2123; x_wconf 77' lang='lat' dir='ltr'><strong>sequenti</strong></span> <span class='ocrx_word' id='word_1_124' title='bbox 996 2050 1101 2122; x_wconf 85' lang='lat' dir='ltr'><strong>repetit.</strong></span> <span class='ocrx_word' id='word_1_125' title='bbox 1128 2051 1279 2116; x_wconf 86' lang='lat' dir='ltr'><strong>Qunrenec</strong></span> 
     </span>
     <span class='ocr_line' id='line_1_18' title="bbox 206 2131 1278 2204; baseline 0.001 -23"><span class='ocrx_word' id='word_1_126' title='bbox 206 2143 272 2200; x_wconf 84' lang='lat' dir='ltr'><strong>post.</strong></span> <span class='ocrx_word' id='word_1_127' title='bbox 274 2131 344 2200; x_wconf 81' lang='lat' dir='ltr'><strong>jam:</strong></span> <span class='ocrx_word' id='word_1_128' title='bbox 355 2131 570 2204; x_wconf 67' lang='lat' dir='ltr'><strong>loquere-Ego</strong></span> <span class='ocrx_word' id='word_1_129' title='bbox 583 2133 724 2199; x_wconf 75' lang='lat' dir='ltr'><strong>bursarium</strong></span> <span class='ocrx_word' id='word_1_130' title='bbox 766 2131 882 2186; x_wconf 77' lang='lat' dir='ltr'><strong>Sostrata</strong></span> <span class='ocrx_word' id='word_1_131' title='bbox 894 2144 925 2184; x_wconf 88' lang='lat' dir='ltr'><strong>ut</strong></span> <span class='ocrx_word' id='word_1_132' title='bbox 940 2131 969 2183; x_wconf 88' lang='lat' dir='ltr'><strong>in</strong></span> <span class='ocrx_word' id='word_1_133' title='bbox 982 2149 1014 2183; x_wconf 89' lang='lat' dir='ltr'><strong>re</strong></span> <span class='ocrx_word' id='word_1_134' title='bbox 1028 2149 1097 2182; x_wconf 81' lang='lat' dir='ltr'><strong>nova</strong></span> <span class='ocrx_word' id='word_1_135' title='bbox 1110 2144 1148 2184; x_wconf 89' lang='lat' dir='ltr'><strong>est</strong></span> <span class='ocrx_word' id='word_1_136' title='bbox 1159 2143 1278 2184; x_wconf 88' lang='lat' dir='ltr'><strong>conster-</strong></span> 
     </span>
     <span class='ocr_line' id='line_1_19' title="bbox 210 2209 1279 2284; baseline 0.002 -24"><span class='ocrx_word' id='word_1_137' title='bbox 210 2222 304 2274; x_wconf 79' lang='lat' dir='ltr'><strong>tamen,</strong></span> <span class='ocrx_word' id='word_1_138' title='bbox 318 2211 377 2265; x_wconf 89' lang='lat' dir='ltr'><strong>sub.</strong></span> <span class='ocrx_word' id='word_1_139' title='bbox 389 2211 464 2284; x_wconf 90' lang='lat' dir='ltr'><strong>quod</strong></span> <span class='ocrx_word' id='word_1_140' title='bbox 473 2212 599 2270; x_wconf 86' lang='lat' dir='ltr'><strong>constitui</strong></span> <span class='ocrx_word' id='word_1_141' title='bbox 611 2210 646 2266; x_wconf 89' lang='lat' dir='ltr'><strong>de</strong></span> <span class='ocrx_word' id='word_1_142' title='bbox 656 2212 721 2266; x_wconf 86' lang='lat' dir='ltr'><strong>filio.</strong></span> <span class='ocrx_word' id='word_1_143' title='bbox 765 2225 842 2279; x_wconf 85' lang='lat' dir='ltr'><strong>nata,</strong></span> <span class='ocrx_word' id='word_1_144' title='bbox 855 2210 902 2266; x_wconf 85' lang='lat' dir='ltr'><strong>sed</strong></span> <span class='ocrx_word' id='word_1_145' title='bbox 915 2212 986 2266; x_wconf 87' lang='lat' dir='ltr'><strong>lente</strong></span> <span class='ocrx_word' id='word_1_146' title='bbox 999 2209 1159 2281; x_wconf 82' lang='lat' dir='ltr'><strong>respondet,</strong></span> <span class='ocrx_word' id='word_1_147' title='bbox 1174 2210 1279 2276; x_wconf 83' lang='lat' dir='ltr'><strong>obsecro,</strong></span> 
     </span>
     <span class='ocr_line' id='line_1_20' title="bbox 208 2289 1278 2363; baseline -0.002 -19"><span class='ocrx_word' id='word_1_148' title='bbox 208 2308 268 2361; x_wconf 77' lang='lat' dir='ltr'><strong>sup.</strong></span> <span class='ocrx_word' id='word_1_149' title='bbox 277 2289 344 2358; x_wconf 68' lang='grc'><strong>943.</strong></span> <span class='ocrx_word' id='word_1_150' title='bbox 766 2296 799 2344; x_wconf 91' lang='lat' dir='ltr'><strong>mi</strong></span> <span class='ocrx_word' id='word_1_151' title='bbox 806 2304 891 2363; x_wconf 70' lang='lat' dir='ltr'><strong>gnate.</strong></span> <span class='ocrx_word' id='word_1_152' title='bbox 905 2289 1010 2344; x_wconf 80' lang='lat' dir='ltr'><strong>Deinde</strong></span> <span class='ocrx_word' id='word_1_153' title='bbox 1022 2291 1043 2343; x_wconf 87' lang='lat' dir='ltr'><strong>si</strong></span> <span class='ocrx_word' id='word_1_154' title='bbox 1054 2291 1123 2362; x_wconf 83' lang='lat' dir='ltr'><strong>legas</strong></span> <span class='ocrx_word' id='word_1_155' title='bbox 1132 2294 1278 2361; x_wconf 82' lang='lat' dir='ltr'><strong>siupicetur;</strong></span> 
     </span>
    </p>

    <p class='ocr_par' dir='ltr' id='par_1_9' title="bbox 207 2369 1280 2683">
     <span class='ocr_line' id='line_1_21' title="bbox 251 2369 1279 2437; baseline 0 -13"><span class='ocrx_word' id='word_1_156' title='bbox 251 2369 336 2424; x_wconf 84' lang='lat'><strong>1015.</strong></span> <span class='ocrx_word' id='word_1_157' title='bbox 358 2371 721 2428; x_wconf 80' lang='lat' dir='ltr'><strong>Nonuides.Guelf.numuid.</strong></span> <span class='ocrx_word' id='word_1_158' title='bbox 765 2373 881 2426; x_wconf 80' lang='lat' dir='ltr'><strong>sinemo</strong></span> <span class='ocrx_word' id='word_1_159' title='bbox 902 2369 1078 2434; x_wconf 82' lang='lat' dir='ltr'><strong>indicaverit,</strong></span> <span class='ocrx_word' id='word_1_160' title='bbox 1099 2371 1229 2437; x_wconf 81' lang='lat' dir='ltr'><strong>efficitur,</strong></span> <span class='ocrx_word' id='word_1_161' title='bbox 1249 2385 1279 2424; x_wconf 93' lang='lat' dir='ltr'><strong>ut</strong></span> 
     </span>
     <span class='ocr_line' id='line_1_22' title="bbox 208 2450 1280 2525; baseline 0.002 -22"><span class='ocrx_word' id='word_1_162' title='bbox 208 2481 248 2491; x_wconf 88' lang='lat'><em>-</em></span> <span class='ocrx_word' id='word_1_163' title='bbox 261 2452 386 2521; x_wconf 83' lang='lat' dir='ltr'><strong>Quantum</strong></span> <span class='ocrx_word' id='word_1_164' title='bbox 396 2451 464 2505; x_wconf 74' lang='lat' dir='ltr'><strong>mai.</strong></span> <span class='ocrx_word' id='word_1_165' title='bbox 479 2452 569 2504; x_wconf 83' lang='lat' dir='ltr'><strong>Guett.</strong></span> <span class='ocrx_word' id='word_1_166' title='bbox 582 2453 721 2525; x_wconf 81' lang='lat' dir='ltr'><strong>3‚Quant.</strong></span> <span class='ocrx_word' id='word_1_167' title='bbox 766 2453 882 2506; x_wconf 82' lang='lat' dir='ltr'><strong>Sostrata</strong></span> <span class='ocrx_word' id='word_1_168' title='bbox 898 2452 940 2506; x_wconf 77' lang='lat' dir='ltr'><strong>uel</strong></span> <span class='ocrx_word' id='word_1_169' title='bbox 952 2451 1009 2524; x_wconf 81' lang='lat' dir='ltr'><strong>ipae</strong></span> <span class='ocrx_word' id='word_1_170' title='bbox 1018 2450 1197 2516; x_wconf 78' lang='lat' dir='ltr'><strong>dubitaverit,</strong></span> <span class='ocrx_word' id='word_1_171' title='bbox 1212 2451 1280 2505; x_wconf 87' lang='lat' dir='ltr'><strong>sitne</strong></span> 
     </span>
     <span class='ocr_line' id='line_1_23' title="bbox 208 2529 1277 2604; baseline 0.004 -24"><span class='ocrx_word' id='word_1_172' title='bbox 208 2531 308 2582; x_wconf 86' lang='lat' dir='ltr'><strong>malum.</strong></span> <span class='ocrx_word' id='word_1_173' title='bbox 327 2563 369 2573; x_wconf 94' lang='lat'><em>-</em></span> <span class='ocrx_word' id='word_1_174' title='bbox 392 2532 494 2584; x_wconf 82' lang='lat' dir='ltr'><strong>Verum.</strong></span> <span class='ocrx_word' id='word_1_175' title='bbox 518 2534 539 2585; x_wconf 93' lang='lat'><strong>1.</strong></span> <span class='ocrx_word' id='word_1_176' title='bbox 555 2551 578 2586; x_wconf 89' lang='lat' dir='ltr'><strong>e.</strong></span> <span class='ocrx_word' id='word_1_177' title='bbox 600 2534 720 2588; x_wconf 87' lang='lat' dir='ltr'><strong>omnino.</strong></span> <span class='ocrx_word' id='word_1_178' title='bbox 766 2551 843 2586; x_wconf 81' lang='lat' dir='ltr'><strong>verus</strong></span> <span class='ocrx_word' id='word_1_179' title='bbox 856 2532 944 2597; x_wconf 85' lang='lat' dir='ltr'><strong>filius,</strong></span> <span class='ocrx_word' id='word_1_180' title='bbox 971 2530 1046 2603; x_wconf 85' lang='lat' dir='ltr'><strong>quod</strong></span> <span class='ocrx_word' id='word_1_181' title='bbox 1061 2532 1138 2604; x_wconf 86' lang='lat' dir='ltr'><strong>plane</strong></span> <span class='ocrx_word' id='word_1_182' title='bbox 1158 2545 1196 2586; x_wconf 83' lang='lat' dir='ltr'><strong>est</strong></span> <span class='ocrx_word' id='word_1_183' title='bbox 1211 2529 1277 2590; x_wconf 87' lang='lat' dir='ltr'><strong>ridi-</strong></span> 
     </span>
     <span class='ocr_line' id='line_1_24' title="bbox 207 2609 1277 2683; baseline 0.001 -20"><span class='ocrx_word' id='word_1_184' title='bbox 207 2611 312 2664; x_wconf 87' lang='lat' dir='ltr'><strong>Vernm</strong></span> <span class='ocrx_word' id='word_1_185' title='bbox 325 2623 364 2664; x_wconf 87' lang='lat' dir='ltr'><strong>est</strong></span> <span class='ocrx_word' id='word_1_186' title='bbox 375 2609 511 2683; x_wconf 89' lang='lat' dir='ltr'><strong>quoddixi</strong></span> <span class='ocrx_word' id='word_1_187' title='bbox 521 2630 564 2666; x_wconf 89' lang='lat' dir='ltr'><strong>me</strong></span> <span class='ocrx_word' id='word_1_188' title='bbox 577 2612 719 2666; x_wconf 82' lang='lat' dir='ltr'><strong>facturum.</strong></span> <span class='ocrx_word' id='word_1_189' title='bbox 765 2615 875 2674; x_wconf 82' lang='lat' dir='ltr'><strong>culum,</strong></span> <span class='ocrx_word' id='word_1_190' title='bbox 901 2613 943 2665; x_wconf 86' lang='lat' dir='ltr'><strong>vel</strong></span> <span class='ocrx_word' id='word_1_191' title='bbox 964 2611 1086 2668; x_wconf 87' lang='lat' dir='ltr'><strong>omnium</strong></span> <span class='ocrx_word' id='word_1_192' title='bbox 1107 2631 1227 2683; x_wconf 77' lang='lat' dir='ltr'><strong>sagarum</strong></span> <span class='ocrx_word' id='word_1_193' title='bbox 1250 2625 1277 2664; x_wconf 91' lang='lat' dir='ltr'><strong>et</strong></span> 
     </span>
    </p>

    <p class='ocr_par' dir='ltr' id='par_1_10' title="bbox 204 2691 1278 3482">
     <span class='ocr_line' id='line_1_25' title="bbox 250 2691 1278 2764; baseline 0.001 -20"><span class='ocrx_word' id='word_1_194' title='bbox 250 2694 332 2745; x_wconf 77' lang='lat'>1016.</span> <span class='ocrx_word' id='word_1_195' title='bbox 357 2691 428 2745; x_wconf 82' lang='lat' dir='ltr'><strong>Certe</strong></span> <span class='ocrx_word' id='word_1_196' title='bbox 459 2695 494 2745; x_wconf 80' lang='lat' dir='ltr'><strong>sic</strong></span> <span class='ocrx_word' id='word_1_197' title='bbox 519 2695 573 2746; x_wconf 83' lang='lat' dir='ltr'><strong>erit.</strong></span> <span class='ocrx_word' id='word_1_198' title='bbox 598 2695 639 2746; x_wconf 87' lang='lat' dir='ltr'><strong>Ita</strong></span> <span class='ocrx_word' id='word_1_199' title='bbox 668 2693 720 2747; x_wconf 89' lang='lat' dir='ltr'><strong>Ed.</strong></span> <span class='ocrx_word' id='word_1_200' title='bbox 765 2691 919 2746; x_wconf 83' lang='lat' dir='ltr'><strong>divinarum</strong></span> <span class='ocrx_word' id='word_1_201' title='bbox 944 2709 1046 2745; x_wconf 79' lang='lat' dir='ltr'><strong>anuum</strong></span> <span class='ocrx_word' id='word_1_202' title='bbox 1067 2691 1101 2744; x_wconf 84' lang='lat' dir='ltr'><strong>sit</strong></span> <span class='ocrx_word' id='word_1_203' title='bbox 1111 2692 1237 2764; x_wconf 84' lang='lat' dir='ltr'><strong>princeps</strong></span> <span class='ocrx_word' id='word_1_204' title='bbox 1250 2705 1278 2746; x_wconf 93' lang='lat' dir='ltr'><strong>et</strong></span> 
     </span>
     <span class='ocr_line' id='line_1_26' title="bbox 208 2767 1277 2843; baseline 0.003 -23"><span class='ocrx_word' id='word_1_205' title='bbox 208 2767 302 2824; x_wconf 85' lang='lat' dir='ltr'><strong>Faern.</strong></span> <span class='ocrx_word' id='word_1_206' title='bbox 315 2771 387 2825; x_wconf 83' lang='lat' dir='ltr'><strong>Mur.</strong></span> <span class='ocrx_word' id='word_1_207' title='bbox 398 2774 432 2826; x_wconf 90' lang='lat' dir='ltr'><strong>al.</strong></span> <span class='ocrx_word' id='word_1_208' title='bbox 447 2784 477 2826; x_wconf 92' lang='lat' dir='ltr'><strong>ut</strong></span> <span class='ocrx_word' id='word_1_209' title='bbox 488 2785 527 2826; x_wconf 79' lang='lat' dir='ltr'><strong>est</strong></span> <span class='ocrx_word' id='word_1_210' title='bbox 537 2773 565 2826; x_wconf 90' lang='lat' dir='ltr'><strong>in</strong></span> <span class='ocrx_word' id='word_1_211' title='bbox 572 2773 619 2826; x_wconf 90' lang='lat' dir='ltr'><strong>lib.</strong></span> <span class='ocrx_word' id='word_1_212' title='bbox 627 2774 720 2828; x_wconf 87' lang='lat' dir='ltr'><strong>Bemb.</strong></span> <span class='ocrx_word' id='word_1_213' title='bbox 764 2773 896 2843; x_wconf 81' lang='lat' dir='ltr'><strong>magistra.</strong></span> <span class='ocrx_word' id='word_1_214' title='bbox 913 2773 1048 2824; x_wconf 80' lang='lat' dir='ltr'><strong>Bentleius.</strong></span> <span class='ocrx_word' id='word_1_215' title='bbox 1072 2801 1113 2812; x_wconf 89' lang='lat'>—</span> <span class='ocrx_word' id='word_1_216' title='bbox 1133 2771 1277 2834; x_wconf 83' lang='lat' dir='ltr'><strong>Subditum,</strong></span> 
     </span>
     <span class='ocr_line' id='line_1_27' title="bbox 206 2847 1277 2922; baseline 0.007 -25"><span class='ocrx_word' id='word_1_217' title='bbox 206 2847 259 2898; x_wconf 88' lang='lat' dir='ltr'><strong>Pro</strong></span> <span class='ocrx_word' id='word_1_218' title='bbox 266 2863 329 2900; x_wconf 82' lang='lat' dir='ltr'><strong>certe</strong></span> <span class='ocrx_word' id='word_1_219' title='bbox 337 2855 372 2902; x_wconf 83' lang='lat' dir='ltr'><strong>sie</strong></span> <span class='ocrx_word' id='word_1_220' title='bbox 383 2856 436 2920; x_wconf 82' lang='lat' dir='ltr'><strong>erit,</strong></span> <span class='ocrx_word' id='word_1_221' title='bbox 444 2850 635 2907; x_wconf 77' lang='lat' dir='ltr'><strong>hubentcodd.</strong></span> <span class='ocrx_word' id='word_1_222' title='bbox 642 2856 719 2908; x_wconf 87' lang='lat' dir='ltr'><strong>Bent.</strong></span> <span class='ocrx_word' id='word_1_223' title='bbox 764 2851 949 2911; x_wconf 80' lang='lat' dir='ltr'><strong>subdititium,</strong></span> <span class='ocrx_word' id='word_1_224' title='bbox 958 2850 1158 2922; x_wconf 87' lang='lat' dir='ltr'><strong>supposititium</strong></span> <span class='ocrx_word' id='word_1_225' title='bbox 1167 2891 1174 2918; x_wconf 90' lang='lat'><strong>,</strong></span> <span class='ocrx_word' id='word_1_226' title='bbox 1184 2851 1277 2905; x_wconf 70' lang='lat' dir='ltr'><strong>irrobo-</strong></span> 
     </span>
     <span class='ocr_line' id='line_1_28' title="bbox 207 2925 1276 3006; baseline 0.008 -30"><span class='ocrx_word' id='word_1_227' title='bbox 207 2943 300 2980; x_wconf 80' lang='lat' dir='ltr'><strong>omnee</strong></span> <span class='ocrx_word' id='word_1_228' title='bbox 314 2941 376 2979; x_wconf 82' lang='lat' dir='ltr'><strong>certe</strong></span> <span class='ocrx_word' id='word_1_229' title='bbox 387 2934 483 3004; x_wconf 85' lang='lat' dir='ltr'><strong>inquam</strong></span> <span class='ocrx_word' id='word_1_230' title='bbox 499 2937 546 2985; x_wconf 82' lang='lat' dir='ltr'><strong>vir·</strong></span> <span class='ocrx_word' id='word_1_231' title='bbox 558 2933 657 2987; x_wconf 90' lang='lat' dir='ltr'><strong>Itidem</strong></span> <span class='ocrx_word' id='word_1_232' title='bbox 665 2933 721 3006; x_wconf 90' lang='lat' dir='ltr'><strong>pie·</strong></span> <span class='ocrx_word' id='word_1_233' title='bbox 762 2935 873 3002; x_wconf 78' lang='grc' dir='ltr'><strong>λιμαῑον.</strong></span> <span class='ocrx_word' id='word_1_234' title='bbox 882 2963 922 2974; x_wconf 90' lang='grc'>-</span> <span class='ocrx_word' id='word_1_235' title='bbox 932 2927 1060 2984; x_wconf 79' lang='lat' dir='ltr'><strong>Subditum</strong></span> <span class='ocrx_word' id='word_1_236' title='bbox 1073 2932 1127 2984; x_wconf 80' lang='lat' dir='ltr'><strong>otit&#39;</strong></span> <span class='ocrx_word' id='word_1_237' title='bbox 1146 2925 1191 2984; x_wconf 75' lang='lat' dir='ltr'><strong>tu?</strong></span> <span class='ocrx_word' id='word_1_238' title='bbox 1206 2932 1276 2984; x_wconf 91' lang='lat' dir='ltr'><strong>Cum</strong></span> 
     </span>
     <span class='ocr_line' id='line_1_29' title="bbox 206 3004 1275 3077; baseline 0.006 -21"><span class='ocrx_word' id='word_1_239' title='bbox 206 3004 283 3075; x_wconf 86' lang='lat' dir='ltr'><strong>rique</strong></span> <span class='ocrx_word' id='word_1_240' title='bbox 297 3006 351 3060; x_wconf 85' lang='lat' dir='ltr'><strong>alii.</strong></span> <span class='ocrx_word' id='word_1_241' title='bbox 363 3007 481 3063; x_wconf 70' lang='lat' dir='ltr'><strong>Periettrs</strong></span> <span class='ocrx_word' id='word_1_242' title='bbox 496 3045 536 3053; x_wconf 90' lang='lat'>-</span> <span class='ocrx_word' id='word_1_243' title='bbox 555 3013 683 3066; x_wconf 73' lang='lat' dir='ltr'><strong>Subditum</strong></span> <span class='ocrx_word' id='word_1_244' title='bbox 695 3033 720 3064; x_wconf 79' lang='lat' dir='ltr'><strong>se</strong></span> <span class='ocrx_word' id='word_1_245' title='bbox 762 3010 948 3074; x_wconf 79' lang='lat' dir='ltr'><strong>admiratione,</strong></span> <span class='ocrx_word' id='word_1_246' title='bbox 962 3009 1007 3063; x_wconf 81' lang='lat' dir='ltr'><strong>sed</strong></span> <span class='ocrx_word' id='word_1_247' title='bbox 1021 3029 1120 3077; x_wconf 82' lang='lat' dir='ltr'><strong>severo,</strong></span> <span class='ocrx_word' id='word_1_248' title='bbox 1130 3025 1157 3064; x_wconf 90' lang='lat' dir='ltr'><strong>et</strong></span> <span class='ocrx_word' id='word_1_249' title='bbox 1170 3023 1275 3063; x_wconf 87' lang='lat' dir='ltr'><strong>contra-</strong></span> 
     </span>
     <span class='ocr_line' id='line_1_30' title="bbox 205 3087 1276 3162; baseline 0.006 -27"><span class='ocrx_word' id='word_1_250' title='bbox 205 3089 348 3156; x_wconf 80' lang='lat' dir='ltr'><strong>suspicatru.</strong></span> <span class='ocrx_word' id='word_1_251' title='bbox 373 3087 489 3157; x_wconf 82' lang='lat' dir='ltr'><strong>Hicjum</strong></span> <span class='ocrx_word' id='word_1_252' title='bbox 501 3091 719 3162; x_wconf 80' lang='lat' dir='ltr'><strong>intelligendum,</strong></span> <span class='ocrx_word' id='word_1_253' title='bbox 762 3087 872 3144; x_wconf 88' lang='lat' dir='ltr'><strong>dioendi</strong></span> <span class='ocrx_word' id='word_1_254' title='bbox 889 3087 978 3143; x_wconf 86' lang='lat' dir='ltr'><strong>studio</strong></span> <span class='ocrx_word' id='word_1_255' title='bbox 992 3090 1121 3154; x_wconf 82' lang='lat' dir='ltr'><strong>excitate,</strong></span> <span class='ocrx_word' id='word_1_256' title='bbox 1134 3089 1187 3142; x_wconf 87' lang='lat' dir='ltr'><strong>diei</strong></span> <span class='ocrx_word' id='word_1_257' title='bbox 1202 3090 1276 3154; x_wconf 74' lang='lat' dir='ltr'><strong>hec,</strong></span> 
     </span>
     <span class='ocr_line' id='line_1_31' title="bbox 206 3163 1277 3242; baseline 0.005 -23"><span class='ocrx_word' id='word_1_258' title='bbox 206 3167 308 3219; x_wconf 82' lang='lat' dir='ltr'><strong>venisse</strong></span> <span class='ocrx_word' id='word_1_259' title='bbox 336 3163 544 3226; x_wconf 79' lang='lat' dir='ltr'><strong>adolescentem,</strong></span> <span class='ocrx_word' id='word_1_260' title='bbox 570 3185 596 3225; x_wconf 90' lang='lat' dir='ltr'><strong>et</strong></span> <span class='ocrx_word' id='word_1_261' title='bbox 624 3171 718 3236; x_wconf 82' lang='lat' dir='ltr'><strong>metri,</strong></span> <span class='ocrx_word' id='word_1_262' title='bbox 764 3169 903 3242; x_wconf 81' lang='lat' dir='ltr'><strong>responsio</strong></span> <span class='ocrx_word' id='word_1_263' title='bbox 912 3183 1039 3224; x_wconf 78' lang='lat' dir='ltr'><strong>mtronte</strong></span> <span class='ocrx_word' id='word_1_264' title='bbox 1048 3182 1277 3240; x_wconf 82' lang='lat' dir='ltr'><strong>monstretmagna</strong></span> 
     </span>
     <span class='ocr_line' id='line_1_32' title="bbox 205 3245 1270 3318; baseline 0.004 -19"><span class='ocrx_word' id='word_1_265' title='bbox 205 3246 257 3299; x_wconf 86' lang='lat' dir='ltr'><strong>hoc</strong></span> <span class='ocrx_word' id='word_1_266' title='bbox 266 3259 305 3300; x_wconf 88' lang='lat' dir='ltr'><strong>est</strong></span> <span class='ocrx_word' id='word_1_267' title='bbox 311 3245 411 3300; x_wconf 85' lang='lat' dir='ltr'><strong>mitiori</strong></span> <span class='ocrx_word' id='word_1_268' title='bbox 420 3245 454 3300; x_wconf 88' lang='lat' dir='ltr'><strong>de</strong></span> <span class='ocrx_word' id='word_1_269' title='bbox 464 3248 633 3318; x_wconf 86' lang='lat' dir='ltr'><strong>parentibus,</strong></span> <span class='ocrx_word' id='word_1_270' title='bbox 643 3269 718 3304; x_wconf 83' lang='lat' dir='ltr'><strong>suam</strong></span> <span class='ocrx_word' id='word_1_271' title='bbox 761 3249 952 3304; x_wconf 80' lang='lat' dir='ltr'><strong>asseveratione</strong></span> <span class='ocrx_word' id='word_1_272' title='bbox 969 3270 976 3305; x_wconf 95' lang='lat'><strong>:</strong></span> <span class='ocrx_word' id='word_1_273' title='bbox 999 3273 1010 3295; x_wconf 64' lang='grc' dir='ltr'>ι</span> <span class='ocrx_word' id='word_1_274' title='bbox 1020 3251 1099 3304; x_wconf 86' lang='lat' dir='ltr'><strong>Certe</strong></span> <span class='ocrx_word' id='word_1_275' title='bbox 1127 3249 1163 3302; x_wconf 90' lang='lat' dir='ltr'><strong>sie</strong></span> <span class='ocrx_word' id='word_1_276' title='bbox 1187 3249 1246 3304; x_wconf 86' lang='lat' dir='ltr'><strong>erit.</strong></span> <span class='ocrx_word' id='word_1_277' title='bbox 1259 3275 1270 3296; x_wconf 73' lang='grc' dir='ltr'>ι</span> 
     </span>
     <span class='ocr_line' id='line_1_33' title="bbox 204 3324 1273 3399; baseline 0.005 -19"><span class='ocrx_word' id='word_1_278' title='bbox 204 3325 385 3399; x_wconf 83' lang='lat' dir='ltr'><strong>suspicionem</strong></span> <span class='ocrx_word' id='word_1_279' title='bbox 409 3324 550 3382; x_wconf 79' lang='lat' dir='ltr'><strong>indicasse.</strong></span> <span class='ocrx_word' id='word_1_280' title='bbox 569 3331 651 3399; x_wconf 75' lang='lat' dir='ltr'><strong>Eugr.</strong></span> <span class='ocrx_word' id='word_1_281' title='bbox 677 3363 717 3372; x_wconf 97' lang='lat'>-</span> <span class='ocrx_word' id='word_1_282' title='bbox 760 3330 864 3384; x_wconf 82' lang='lat' dir='ltr'><strong>Boecler.</strong></span> <span class='ocrx_word' id='word_1_283' title='bbox 880 3361 921 3371; x_wconf 94' lang='lat'><em>-</em></span> <span class='ocrx_word' id='word_1_284' title='bbox 937 3329 1008 3382; x_wconf 81' lang='lat' dir='ltr'><strong>Certe</strong></span> <span class='ocrx_word' id='word_1_285' title='bbox 1027 3331 1128 3382; x_wconf 82' lang='lat' dir='ltr'><strong>sicerit.</strong></span> <span class='ocrx_word' id='word_1_286' title='bbox 1149 3328 1231 3394; x_wconf 90' lang='lat' dir='ltr'><strong>Quod</strong></span> <span class='ocrx_word' id='word_1_287' title='bbox 1244 3329 1273 3386; x_wconf 87' lang='lat' dir='ltr'><strong>in</strong></span> 
     </span>
     <span class='ocr_line' id='line_1_34' title="bbox 204 3401 1274 3482; baseline 0.005 -23"><span class='ocrx_word' id='word_1_288' title='bbox 204 3401 258 3460; x_wconf 88' lang='lat' dir='ltr'><strong>Pru</strong></span> <span class='ocrx_word' id='word_1_289' title='bbox 276 3411 419 3479; x_wconf 85' lang='lat' dir='ltr'><strong>suspicatur,</strong></span> <span class='ocrx_word' id='word_1_290' title='bbox 445 3409 478 3462; x_wconf 90' lang='grc' dir='ltr'><strong>Τ.</strong></span> <span class='ocrx_word' id='word_1_291' title='bbox 491 3407 592 3474; x_wconf 75' lang='lat' dir='ltr'><strong>Faber,</strong></span> <span class='ocrx_word' id='word_1_292' title='bbox 613 3422 639 3462; x_wconf 84' lang='lat' dir='ltr'><strong>et</strong></span> <span class='ocrx_word' id='word_1_293' title='bbox 657 3423 718 3482; x_wconf 84' lang='lat' dir='ltr'><strong>post</strong></span> <span class='ocrx_word' id='word_1_294' title='bbox 760 3410 853 3464; x_wconf 78' lang='lat' dir='ltr'><strong>futuro</strong></span> <span class='ocrx_word' id='word_1_295' title='bbox 867 3408 945 3476; x_wconf 88' lang='lat' dir='ltr'><strong>dicit,</strong></span> <span class='ocrx_word' id='word_1_296' title='bbox 966 3421 1027 3462; x_wconf 79' lang='lat' dir='ltr'><strong>certe</strong></span> <span class='ocrx_word' id='word_1_297' title='bbox 1041 3412 1077 3461; x_wconf 83' lang='lat' dir='ltr'><strong>sic</strong></span> <span class='ocrx_word' id='word_1_298' title='bbox 1092 3412 1156 3473; x_wconf 85' lang='lat' dir='ltr'><strong>erit,</strong></span> <span class='ocrx_word' id='word_1_299' title='bbox 1177 3409 1274 3464; x_wconf 81' lang='lat' dir='ltr'><strong>confir·</strong></span> 
     </span>
    </p>
   </div>
   <div class='ocr_carea' id='block_1_4' title="bbox 202 3485 1275 3722">
    <p class='ocr_par' dir='ltr' id='par_1_11' title="bbox 202 3485 1275 3722">
     <span class='ocr_line' id='line_1_35' title="bbox 204 3485 1273 3561; baseline 0.002 -21"><span class='ocrx_word' id='word_1_300' title='bbox 204 3505 266 3541; x_wconf 89' lang='lat' dir='ltr'><strong>eum</strong></span> <span class='ocrx_word' id='word_1_301' title='bbox 283 3488 420 3554; x_wconf 80' lang='lat' dir='ltr'><strong>Duoierie,</strong></span> <span class='ocrx_word' id='word_1_302' title='bbox 435 3488 493 3542; x_wconf 81' lang='lat' dir='ltr'><strong>vult</strong></span> <span class='ocrx_word' id='word_1_303' title='bbox 508 3489 561 3560; x_wconf 88' lang='lat' dir='ltr'><strong>legi</strong></span> <span class='ocrx_word' id='word_1_304' title='bbox 574 3494 715 3561; x_wconf 79' lang='lat' dir='ltr'><strong>suspicetur,</strong></span> <span class='ocrx_word' id='word_1_305' title='bbox 759 3487 858 3542; x_wconf 85' lang='lat' dir='ltr'><strong>mando</strong></span> <span class='ocrx_word' id='word_1_306' title='bbox 875 3485 904 3541; x_wconf 91' lang='lat' dir='ltr'><strong>id</strong></span> <span class='ocrx_word' id='word_1_307' title='bbox 928 3487 1001 3560; x_wconf 86' lang='lat' dir='ltr'><strong>quod</strong></span> <span class='ocrx_word' id='word_1_308' title='bbox 1025 3490 1076 3560; x_wconf 78' lang='lat' dir='ltr'><strong>jam</strong></span> <span class='ocrx_word' id='word_1_309' title='bbox 1101 3488 1273 3561; x_wconf 68' lang='lat' dir='ltr'><strong>inpraesenti</strong></span> 
     </span>
     <span class='ocr_line' id='line_1_36' title="bbox 203 3565 1274 3641; baseline 0 -21"><span class='ocrx_word' id='word_1_310' title='bbox 203 3568 267 3639; x_wconf 81' lang='lat' dir='ltr'><strong>quin</strong></span> <span class='ocrx_word' id='word_1_311' title='bbox 275 3567 392 3622; x_wconf 75' lang='lat' dir='ltr'><strong>Sostrata</strong></span> <span class='ocrx_word' id='word_1_312' title='bbox 401 3565 522 3622; x_wconf 88' lang='lat' dir='ltr'><strong>nondum</strong></span> <span class='ocrx_word' id='word_1_313' title='bbox 538 3571 657 3641; x_wconf 84' lang='lat' dir='ltr'><strong>potuerit</strong></span> <span class='ocrx_word' id='word_1_314' title='bbox 673 3589 714 3623; x_wconf 89' lang='lat' dir='ltr'><strong>re·</strong></span> <span class='ocrx_word' id='word_1_315' title='bbox 759 3569 842 3632; x_wconf 88' lang='lat' dir='ltr'><strong>dixit,</strong></span> <span class='ocrx_word' id='word_1_316' title='bbox 864 3567 985 3620; x_wconf 84' lang='lat' dir='ltr'><strong>subditum</strong></span> <span class='ocrx_word' id='word_1_317' title='bbox 998 3589 1023 3620; x_wconf 82' lang='lat' dir='ltr'><strong>se</strong></span> <span class='ocrx_word' id='word_1_318' title='bbox 1033 3572 1176 3639; x_wconf 81' lang='lat' dir='ltr'><strong>suspicatur,</strong></span> <span class='ocrx_word' id='word_1_319' title='bbox 1196 3569 1274 3640; x_wconf 83' lang='lat' dir='ltr'><strong>hujus</strong></span> 
     </span>
     <span class='ocr_line' id='line_1_37' title="bbox 202 3645 1275 3722; baseline 0.001 -22"><span class='ocrx_word' id='word_1_320' title='bbox 202 3648 326 3714; x_wconf 84' lang='lat' dir='ltr'><strong>sciscere,</strong></span> <span class='ocrx_word' id='word_1_321' title='bbox 347 3649 531 3722; x_wconf 89' lang='lat' dir='ltr'><strong>Clitiphonem</strong></span> <span class='ocrx_word' id='word_1_322' title='bbox 547 3649 673 3721; x_wconf 80' lang='lat' dir='ltr'><strong>suspicari</strong></span> <span class='ocrx_word' id='word_1_323' title='bbox 686 3668 715 3704; x_wconf 84' lang='lat' dir='ltr'><strong>se</strong></span> <span class='ocrx_word' id='word_1_324' title='bbox 758 3648 905 3703; x_wconf 83' lang='lat' dir='ltr'><strong>locutionis</strong></span> <span class='ocrx_word' id='word_1_325' title='bbox 922 3648 977 3718; x_wconf 83' lang='lat' dir='ltr'><strong>jam</strong></span> <span class='ocrx_word' id='word_1_326' title='bbox 992 3645 1109 3703; x_wconf 73' lang='lat' dir='ltr'><strong>vidimus</strong></span> <span class='ocrx_word' id='word_1_327' title='bbox 1124 3649 1275 3720; x_wconf 86' lang='lat' dir='ltr'><strong>exemplum</strong></span> 
     </span>
    </p>
   </div>
   <div class='ocr_carea' id='block_1_5' title="bbox 201 3727 1316 4118">
    <p class='ocr_par' dir='ltr' id='par_1_12' title="bbox 201 3727 1274 3960">
     <span class='ocr_line' id='line_1_38' title="bbox 203 3727 1274 3802; baseline 0.005 -23"><span class='ocrx_word' id='word_1_328' title='bbox 203 3744 258 3780; x_wconf 80' lang='lat' dir='ltr'><strong>esse</strong></span> <span class='ocrx_word' id='word_1_329' title='bbox 282 3727 434 3794; x_wconf 88' lang='lat' dir='ltr'><strong>subditum,</strong></span> <span class='ocrx_word' id='word_1_330' title='bbox 460 3748 545 3800; x_wconf 88' lang='lat' dir='ltr'><strong>quum</strong></span> <span class='ocrx_word' id='word_1_331' title='bbox 567 3728 715 3802; x_wconf 84' lang='lat' dir='ltr'><strong>nequeSy·</strong></span> <span class='ocrx_word' id='word_1_332' title='bbox 758 3730 787 3782; x_wconf 90' lang='lat' dir='ltr'><strong>in</strong></span> <span class='ocrx_word' id='word_1_333' title='bbox 800 3727 943 3791; x_wconf 88' lang='lat' dir='ltr'><strong>Eunucho,</strong></span> <span class='ocrx_word' id='word_1_334' title='bbox 956 3729 1274 3800; x_wconf 75' lang='lat' dir='ltr'><strong>731,pug.232:«Ver·</strong></span> 
     </span>
     <span class='ocr_line' id='line_1_39' title="bbox 201 3807 1274 3881; baseline 0.001 -23"><span class='ocrx_word' id='word_1_335' title='bbox 201 3825 262 3858; x_wconf 92' lang='lat' dir='ltr'><strong>rum</strong></span> <span class='ocrx_word' id='word_1_336' title='bbox 276 3807 362 3879; x_wconf 91' lang='lat' dir='ltr'><strong>quiid</strong></span> <span class='ocrx_word' id='word_1_337' title='bbox 379 3807 485 3863; x_wconf 84' lang='lat' dir='ltr'><strong>dederit</strong></span> <span class='ocrx_word' id='word_1_338' title='bbox 497 3808 617 3875; x_wconf 86' lang='lat' dir='ltr'><strong>consilii,</strong></span> <span class='ocrx_word' id='word_1_339' title='bbox 628 3828 715 3881; x_wconf 88' lang='lat' dir='ltr'><strong>neque</strong></span> <span class='ocrx_word' id='word_1_340' title='bbox 758 3810 825 3862; x_wconf 91' lang='lat' dir='ltr'><strong>bum</strong></span> <span class='ocrx_word' id='word_1_341' title='bbox 835 3809 924 3864; x_wconf 86' lang='lat' dir='ltr'><strong>hercle</strong></span> <span class='ocrx_word' id='word_1_342' title='bbox 938 3808 990 3862; x_wconf 85' lang='lat' dir='ltr'><strong>hoo</strong></span> <span class='ocrx_word' id='word_1_343' title='bbox 1003 3826 1097 3863; x_wconf 84' lang='lat' dir='ltr'><strong>verum</strong></span> <span class='ocrx_word' id='word_1_344' title='bbox 1109 3809 1185 3864; x_wconf 76' lang='lat' dir='ltr'><strong>erit.»</strong></span> <span class='ocrx_word' id='word_1_345' title='bbox 1198 3809 1274 3862; x_wconf 83' lang='lat' dir='ltr'><strong>Fuer-</strong></span> 
     </span>
     <span class='ocr_line' id='line_1_40' title="bbox 201 3885 811 3960; baseline 0.007 -23"><span class='ocrx_word' id='word_1_346' title='bbox 201 3885 289 3939; x_wconf 86' lang='lat' dir='ltr'><strong>fiiium</strong></span> <span class='ocrx_word' id='word_1_347' title='bbox 299 3889 462 3943; x_wconf 82' lang='lat' dir='ltr'><strong>convenerit.</strong></span> <span class='ocrx_word' id='word_1_348' title='bbox 476 3891 558 3944; x_wconf 69' lang='lat' dir='ltr'><strong>Meros</strong></span> <span class='ocrx_word' id='word_1_349' title='bbox 566 3903 627 3943; x_wconf 85' lang='lat' dir='ltr'><strong>sunt</strong></span> <span class='ocrx_word' id='word_1_350' title='bbox 637 3910 714 3960; x_wconf 83' lang='lat' dir='ltr'><strong>nugre</strong></span> <span class='ocrx_word' id='word_1_351' title='bbox 759 3909 811 3942; x_wconf 80' lang='lat' dir='ltr'><strong>utu.</strong></span> 
     </span>
    </p>

    <p class='ocr_par' dir='ltr' id='par_1_13' title="bbox 202 3967 1316 4118">
     <span class='ocr_line' id='line_1_41' title="bbox 202 3967 1273 4042; baseline 0.002 -24"><span class='ocrx_word' id='word_1_352' title='bbox 202 3979 228 4018; x_wconf 91' lang='lat' dir='ltr'><strong>et</strong></span> <span class='ocrx_word' id='word_1_353' title='bbox 240 3967 341 4021; x_wconf 76' lang='lat' dir='ltr'><strong>ueniae.</strong></span> <span class='ocrx_word' id='word_1_354' title='bbox 353 3969 422 4022; x_wconf 89' lang='lat' dir='ltr'><strong>Nam</strong></span> <span class='ocrx_word' id='word_1_355' title='bbox 437 3970 567 4042; x_wconf 90' lang='lat' dir='ltr'><strong>Clitipho,</strong></span> <span class='ocrx_word' id='word_1_356' title='bbox 579 3971 624 4023; x_wconf 91' lang='lat' dir='ltr'><strong>ubi</strong></span> <span class='ocrx_word' id='word_1_357' title='bbox 636 3988 714 4041; x_wconf 81' lang='lat' dir='ltr'><strong>supra</strong></span> <span class='ocrx_word' id='word_1_358' title='bbox 803 3989 885 4039; x_wconf 81' lang='lat'>¹0¹7·</span> <span class='ocrx_word' id='word_1_359' title='bbox 910 3969 1038 4040; x_wconf 78' lang='lat' dir='ltr'><strong>Confitere.</strong></span> <span class='ocrx_word' id='word_1_360' title='bbox 1048 3969 1127 4039; x_wconf 75' lang='lat' dir='ltr'><strong>Vulg.</strong></span> <span class='ocrx_word' id='word_1_361' title='bbox 1144 3979 1209 4020; x_wconf 87' lang='lat' dir='ltr'><strong>tuum</strong></span> <span class='ocrx_word' id='word_1_362' title='bbox 1225 3987 1273 4020; x_wconf 74' lang='lat' dir='ltr'><strong>uoti</strong></span> 
     </span>
     <span class='ocr_line' id='line_1_42' title="bbox 204 4045 1316 4118; baseline 0.001 -17"><span class='ocrx_word' id='word_1_363' title='bbox 204 4049 270 4114; x_wconf 81' lang='lat'><strong>998,</strong></span> <span class='ocrx_word' id='word_1_364' title='bbox 301 4045 376 4114; x_wconf 84' lang='lat' dir='ltr'><strong>dicit,</strong></span> <span class='ocrx_word' id='word_1_365' title='bbox 402 4062 463 4102; x_wconf 84' lang='lat' dir='ltr'><strong>recte</strong></span> <span class='ocrx_word' id='word_1_366' title='bbox 481 4052 583 4116; x_wconf 80' lang='lat' dir='ltr'><strong>suades,</strong></span> <span class='ocrx_word' id='word_1_367' title='bbox 607 4052 712 4118; x_wconf 81' lang='lat' dir='ltr'><strong>seciam,</strong></span> <span class='ocrx_word' id='word_1_368' title='bbox 759 4070 824 4116; x_wconf 84' lang='lat' dir='ltr'><strong>esse,</strong></span> <span class='ocrx_word' id='word_1_369' title='bbox 853 4047 969 4104; x_wconf 85' lang='lat' dir='ltr'><strong>additur.</strong></span> <span class='ocrx_word' id='word_1_370' title='bbox 1011 4050 1078 4116; x_wconf 76' lang='lat' dir='ltr'><strong>Quae</strong></span> <span class='ocrx_word' id='word_1_371' title='bbox 1104 4049 1184 4102; x_wconf 84' lang='lat' dir='ltr'><strong>verba</strong></span> <span class='ocrx_word' id='word_1_372' title='bbox 1208 4048 1274 4102; x_wconf 87' lang='lat' dir='ltr'><strong>oiim</strong></span> <span class='ocrx_word' id='word_1_373' title='bbox 1313 4051 1316 4058; x_wconf 73' lang='grc'><em>“</em></span> 
     </span>
    </p>
   </div>
   <div class='ocr_carea' id='block_1_6' title="bbox 0 0 1518 4862">
    <p class='ocr_par' dir='ltr' id='par_1_14' title="bbox 0 0 1518 4862">
     <span class='ocr_line' id='line_1_43' title="bbox 0 0 1518 4862; baseline 0 5"><span class='ocrx_word' id='word_1_374' title='bbox 0 0 1518 4862; x_wconf 95' lang='lat' dir='ltr'><strong> </strong></span> 
     </span>
    </p>
   </div>
  </div>
 </body>
</html>
