2928 4856
295 363 368 443 ndo
516 354 699 422 PUBLH
727 343 987 420 TERENTII
1017 351 1138 417 Arm

560 583 729 672 SCEN
738 582 775 666 A
809 581 1081 670 OCTAVA.

309 816 531 886 runiso.
571 783 802 889 chaino.
841 809 1024 880 sauci.
1066 803 1319 878 enerues.

741 935 908 1002 rums

342 1169 430 1238 Tun.
454 1166 625 1235 Hunccine
646 1188 708 1258 ego
733 1177 771 1232 ut
792 1159 1029 1231 contumeliam
1049 1176 1117 1229 tam
1143 1161 1291 1253 insignem
1313 1155 1344 1221 in

448 1297 501 1341 me
522 1272 702 1365 accipiam,
719 1267 875 1340 Gnatho?
1310 1301 1346 1343 „0

287 1385 376 1453 Mori
397 1404 451 1450 me
471 1379 555 1448 satiu
575 1375 624 1444 'st
643 1374 794 1461 Simalio,
813 1379 951 1462 Bonan,
969 1375 1118 1468 Syrisce,
1141 1369 1311 1466 sequimini.

290 1491 436 1558 Primum
457 1484 542 1553 aedes
562 1481 769 1577 expugnabo.
787 1484 854 1553 Gn.
875 1485 990 1551 Recte.
1005 1484 1095 1550 Tria.
1106 1481 1272 1575 Virginem
1289 1475 1346 1545 eri·

451 1593 548 1685 piam.
565 1591 633 1659 Gn.
652 1588 770 1658 Probe.

287 1704 375 1770 Tua.
399 1696 489 1767 Male
516 1693 670 1765 mulcabo
697 1697 811 1790 ipsam.
839 1696 905 1764 Gu.
933 1692 1083 1763 Pulchre.
1105 1695 1195 1762 Tria.
1221 1695 1259 1760 In
1285 1714 1347 1758 me·

447 1803 537 1872 dium
559 1801 626 1869 huc
644 1825 762 1895 agmen
781 1825 856 1870 cum
876 1804 981 1886 vecti,
999 1803 1129 1885 Donum

338 2011 807 2086 77o.Hanccinecgoutconhun.Ahest
851 2011 947 2082 pocula
967 2011 1102 2072 retineret,
1124 2013 1180 2083 jam
1198 2009 1264 2062 nihil
1285 2007 1349 2062 alind
1436 2033 1437 2036 ¹

292 2089 470 2165 ataqnibusd.
482 2092 805 2146 lib.Ven.1en.West.-
849 2091 902 2160 agit
918 2109 998 2162 quarn
1020 2092 1130 2144 vocibus
1151 2103 1237 2154 recte,
1260 2089 1352 2160 probe,

298 2175 332 2228 Ue
345 2178 469 2245 accipiam.
483 2171 601 2242 Supple,
617 2171 711 2222 Fierinc
717 2182 805 2241 poem.
849 2171 977 2241 pulchre,
990 2169 1122 2224 adomnia
1139 2170 1272 2222 assentari.

295 2276 334 2288 -
350 2256 488 2324 Accipiam,
514 2251 599 2323 patiar
616 2269 693 2322 aquo
706 2250 804 2303 animo.
891 2257 956 2321 773.
964 2249 1236 2303 Mnicabo.Aliiedunt
1246 2249 1353 2311 mirisela,

295 2362 336 2374 -
347 2334 377 2385 In
391 2352 427 2383 me
439 2333 498 2385 suh.
519 2331 620 2382 illatam.
642 2361 681 2372 --
697 2329 805 2382 Gratim.
851 2332 928 2395 male,
941 2343 971 2383 ut
991 2331 1082 2384 asserit
1096 2330 1255 2401 Bipontinus
1265 2327 1351 2382 editor.

297 2413 415 2484 Apparet
428 2408 807 2474 Gnathonem,etdehortato·
850 2411 947 2482 Delph.
973 2411 1054 2464 Zeun.
1075 2410 1211 2475 mulctabo,
1231 2429 1286 2481 quo
1300 2429 1352 2464 cun

295 2509 352 2544 rem
368 2509 422 2542 esse
435 2491 595 2550 certaminis,
619 2501 644 2540 ct
661 2487 693 2541 ad
711 2490 808 2560 pocula
849 2491 932 2543 verho
946 2509 1014 2561 saepe
1032 2488 1158 2544 conlundi
1174 2501 1252 2542 notat
1269 2491 1354 2544 Ruhn-

297 2569 407 2622 militem
424 2585 583 2641 provocare,
599 2570 713 2620 maxime
723 2587 805 2639 quum
849 2572 945 2624 keniue
959 2570 1099 2624 lectionem
1110 2588 1190 2641 quam
1203 2572 1353 2642 recepimus

295 2648 383 2703 videat
402 2647 559 2719 persuasisse
574 2645 621 2699 ista
635 2649 761 2710 consilia,
776 2661 807 2701 ut
850 2679 890 2690 -
901 2649 1099 2703 Donac.Variat
1108 2663 1137 2703 ut
1146 2669 1236 2721 supra,
1247 2669 1354 2721 vs.771,

295 2729 347 2781 hoc
365 2741 494 2780 certamen
509 2740 669 2780 moveretur.
685 2728 752 2780 Dori.
850 2732 979 2802 scriptura
999 2730 1116 2782 nominis
1130 2727 1205 2800 apud
1222 2730 1355 2801 quosdam.

337 2827 401 2880 77¹·
416 2807 556 2860 Saliarem.
571 2809 612 2860 Br.
639 2805 694 2860 Sat.
714 2827 748 2859 es·
766 2839 811 2856 -.
849 2841 889 2852 -
904 2810 1026 2862 Mulcabo.
1038 2807 1155 2863 Pedibus
1168 2814 1301 2880 etpugnis
1311 2829 1355 2864 cc·

297 2890 396 2940 Dona.
408 2888 442 2941 G.
453 2885 523 2940 Edd.
539 2888 619 2940 Tarv.
633 2885 745 2940 Medici.
760 2889 805 2940 Br.
849 2887 920 2944 dam.
937 2921 972 2932 -
996 2891 1093 2960 ipsam,
1117 2887 1264 2952 Thaidem,
1282 2909 1355 2963 φιιω

183 3017 187 3024 ,
296 2969 396 3019 Donec.
420 2998 460 3008 -
480 2965 618 3040 Sequimini.
642 2965 752 3021 Addunt
771 2987 807 3020 mc
849 2989 903 3040 praa
916 2970 955 3022 ira
967 2969 1105 3022 nominare
1121 2969 1231 3024 omittit.
1245 3003 1287 3013 -
1301 2970 1357 3023 Cum

297 3047 384 3100 Guell.
404 3065 435 3111 r,
453 3064 477 3098 a.
497 3076 538 3095 r-
558 3048 625 3100 Mori
637 3067 673 3098 me
686 3051 750 3100 satia
768 3048 804 3102 hi.
848 3054 920 3102 vecti.
935 3050 1023 3102 Vectis
1036 3062 1090 3102 erat
1104 3049 1179 3122 palus
1192 3049 1295 3102 ferreus
1306 3069 1357 3122 quo

295 3123 418 3180 Ridicula
443 3137 480 3178 est
504 3129 675 3198 praesumptio
697 3127 806 3192 militis,
849 3128 1066 3201 perfodiebantur
1077 3128 1146 3182 muri
1160 3129 1202 3181 vel
1217 3128 1298 3186 mdes.
1315 3149 1357 3183 ex-

295 3223 420 3279 tanqunm
435 3204 561 3258 adversus
568 3207 734 3260 meretricem
750 3208 806 3278 jur·
849 3207 994 3282 pugnandi,
1009 3210 1049 3260 vel
1058 3207 1164 3262 iurandi
1172 3227 1260 3263 causa.
1268 3209 1355 3262 Horat.

295 3290 335 3357 pia
350 3304 485 3356 nunquam
499 3284 639 3351 audentis,
654 3287 704 3340 nisi
719 3299 805 3340 morte
849 3288 1356 3359 Od.111,1x,7,8:1Vectesoppositisio-

295 3367 438 3438 proposita.
451 3364 698 3438 Dan-Sequimini.
706 3366 805 3419 Mirarc
847 3369 921 3422 ribus
928 3369 1067 3422 minaces·
1078 3370 1176 3424 Totum
1186 3369 1259 3421 huuc
1266 3387 1355 3441 pugna

295 3447 419 3499 ferociam
430 3445 521 3497 militis
530 3446 634 3498 nullum
647 3443 735 3500 adhuc
744 3465 804 3517 pro·
847 3447 967 3502 ordinem
980 3450 1081 3501 comice
1094 3461 1120 3500 et
1130 3449 1253 3519 apprime
1263 3467 1353 3521 repra·

295 3539 466 3599 pugnatorem
482 3523 726 3597 circumspicientis.
848 3542 932 3582 sentat
952 3529 1102 3582 Terentius.
1125 3529 1176 3582 Cui
1195 3530 1252 3582 iere
1267 3530 1353 3582 similis

336 3605 488 3675 772Jiecte.
497 3603 586 3658 Guelf.
599 3607 625 3665 3.
636 3603 710 3658 addit
715 3607 803 3674 facien
847 3608 921 3662 locus
931 3607 1192 3661 invenitnrinPlaut.
1203 3609 1286 3662 Milit.
1294 3609 1352 3662 Glo-

295 3686 453 3736 -Primam
467 3683 803 3757 oedesecpugnaio.lllagni·
847 3687 909 3740 rios.
931 3686 963 3740 ad
984 3706 1122 3758 personam
1149 3687 1351 3760 Rprgopoiynicu.

295 3765 344 3818 lice
355 3765 463 3834 exponit
475 3765 605 3818 rationem
616 3765 690 3820 belli.
698 3797 737 3808 --
745 3765 773 3816 V
771 3769 803 3817 ir·
848 3766 965 3822 Adnotat
974 3767 1093 3822 Dacieria
1104 3766 1228 3821 eumdem
1240 3769 1351 3822 Terentii

292 3847 387 3914 picem,
402 3843 575 3915 Pamphilam.
584 3871 624 3885 -·-
633 3845 801 3915 Recte,pmbe‚
847 3847 936 3900 locum
950 3847 1107 3900 succurrisse
1122 3847 1259 3910 Lucieno,
1275 3867 1349 3920 qnam

292 3925 399 3994 pulchre.
412 3923 519 3976 Gnatho
532 3963 539 3990 ,
554 3937 693 3996 postquam
706 3925 803 3978 frustra
825 3963 831 3978 .
848 3924 967 3998 depingit
973 3927 1215 3990 Polemonem,acic
1222 3927 1350 3990 instructa,

294 4003 382 4056 omnia
406 4001 530 4057 adhibuit
554 4016 583 4056 ut
603 4005 714 4058 militem
734 4007 803 4059 inter
848 4020 995 4060 scortorum
1007 4005 1186 4078 quorumdam
1202 4005 1272 4059 mdes
1288 4007 1348 4059 obsi·
