2890 4866
140 395 391 470 GOVEANUS
417 396 481 464 DE
509 395 650 464 LUDIS
676 395 1038 468 MEGALENSIBUS.
1064 423 1153 472 xcrrr

68 519 312 614 institutisque
337 517 480 586 maxime
498 515 599 600 casti,
623 514 805 603 solemnes,
826 515 973 613 religiosi
993 546 1004 609 ;
1031 521 1155 615 quibus

65 629 185 700 Ludis
204 629 353 725 primum
372 641 450 696 ante
469 624 586 722 populi
607 649 800 696 consessum
822 629 961 698 Senatui
979 627 1093 701 locum
1115 635 1152 702 P.

67 740 260 810 Africanus
282 740 405 809 iterum
426 735 553 808 Consul
571 732 627 806 ille
644 737 758 831 Major
777 735 889 826 dedit;
906 753 944 808 ut
962 763 1019 810 eos
1038 741 1154 811 Ludos

68 849 149 921 haeo
168 849 241 920 lues
262 851 398 946 impura¹
413 846 677 945 pollueret2quo
695 849 723 916 si
742 849 817 944 quis
830 846 916 920 liber
932 864 992 920 aut
1003 867 1155 947 spectan-

68 960 111 1028 di
129 962 303 1060 autetiam
318 959 489 1055 religionis
503 983 603 1031 causa
617 973 820 1048 accesserat,
834 985 954 1031 manns
965 961 1152 1034 allereban·

69 1085 155 1141 tur:
170 1097 239 1167 quo
253 1085 407 1142 matrona
422 1070 516 1143 nulla
531 1070 630 1158 adiit,
649 1085 789 1166 propter
805 1071 875 1141 vim
893 1096 1155 1170 consessumque

67 1207 263 1252 servorum.
278 1185 329 1252 Ita
345 1183 460 1253 Ludos
477 1206 549 1272 eos,
566 1205 712 1277 quorum
727 1179 845 1276 religio
864 1195 957 1252 tanta
976 1198 1046 1271 est,
1058 1199 1097 1254 ut
1112 1209 1155 1256 ex

66 1290 206 1361 ultimis
225 1293 321 1362 terris
340 1292 498 1364 accersita
512 1291 623 1362 iubae
637 1291 720 1361 urbe
738 1290 947 1380 consederit3
966 1293 1024 1388 qui
1043 1308 1077 1364 et
1093 1295 1152 1364 uni

67 1403 168 1474 Ludi
186 1429 230 1474 ne
244 1402 350 1474 verbo
371 1403 506 1499 quidem
526 1400 742 1499 appellantur
762 1403 906 1488 Latino,
927 1416 967 1472 ut
987 1404 1153 1477 vocabulo

68 1515 152 1610 ipse
169 1531 205 1586 et
224 1517 373 1610 appetite
392 1513 509 1611 religio
525 1526 723 1602 externa,et
738 1513 858 1582 Matris
870 1517 1003 1609 Magnae
1018 1515 1154 1586 nomine

69 1640 230 1722 suseepta
241 1625 451 1714 declaretur:
465 1627 527 1696 hos
541 1624 639 1695 lridos
649 1625 734 1694 servi
750 1622 918 1712 fecerunt,
928 1625 1014 1694 servi
1030 1640 1153 1721 specta·

68 1753 217 1824 verunt,
238 1752 309 1808 tota
327 1737 471 1833 denique
489 1736 556 1806 hoc
577 1733 674 1804 AEdili
694 1757 868 1802 servorum
883 1732 1065 1828 Megalesia
1078 1735 1151 1807 lue·

70 1862 190 1917 runt.»
200 1851 359 1918 Extrema
371 1848 443 1918 haec
460 1847 560 1916 verba
572 1843 744 1918 declarant
761 1842 836 1913 illos
846 1843 978 1933 Ludos,
988 1870 1072 1942 quos
1080 1849 1152 1917 Me·

72 1957 268 2052 galensibus
294 1958 330 2027 in
356 1956 487 2029 Palatio
509 1957 638 2050 inipso
664 1955 786 2025 Matris
810 1957 944 2048 Magnes
968 1973 1150 2052 conspectu
1174 2007 1177 2012 ,

72 2068 151 2138 fieri
172 2068 306 2139 dicebat
326 2069 441 2153 initio,
461 2092 532 2138 esse
551 2063 751 2162 Megalesia:
764 2089 841 2134 narn
855 2078 889 2134 et
906 2065 1023 2135 Livius
1036 2068 1152 2137 scribit

72 2183 126 2250 Μ.
145 2179 283 2249 lunium
299 2183 443 2250 Brutum
464 2177 568 2248 aedem
582 2179 716 2270 Magnae
733 2176 838 2246 Matri
848 2179 959 2245 Deum
974 2176 1009 2245 in
1022 2175 1150 2249 Palatio

71 2291 261 2381 dedicasse,
274 2306 309 2360 et
329 2289 461 2378 Ludos,
478 2289 522 2358 ob
542 2311 615 2357 eam
632 2285 876 2358 dedicationem
895 2285 1015 2376 factos,
1030 2270 1162 2385 Mega-¹

72 2401 158 2471 lesia
167 2401 395 2497 appellavisse.
406 2397 613 2496 Megalenses
625 2421 727 2492 porro
736 2393 838 2484 Lu'di,
852 2398 921 2466 sive
935 2397 1098 2485 Romani,
1111 2399 1151 2468 si·

70 2538 116 2582 ve
134 2513 271 2609 Magni,
289 2513 359 2582 sive
373 2511 561 2590 Circenses,
583 2509 645 2579 sub
658 2508 793 2603 regibus
812 2506 905 2578 luere
918 2507 1149 2595 instituti;fie·

70 2623 226 2717 bantque
242 2622 305 2693 sub
324 2621 459 2690 initium
475 2620 599 2690 mensis
612 2617 835 2714 Septembris:
849 2614 1016 2688 durabant
1035 2631 1150 2688 autem

71 2757 147 2801 non
166 2730 310 2827 amplius
319 2731 394 2802 dies
412 2755 546 2800 novem.
561 2730 683 2801 Cicero
697 2730 733 2796 in
750 2727 882 2798 actione
896 2729 1003 2822 prima
1020 2729 1055 2799 iu
1071 2732 1151 2800 Ver-

72 2869 173 2914 rem:
193 2846 325 2914 «Nona
344 2857 424 2912 sunt
443 2841 544 2912 hodie
566 2839 729 2925 Sextiles:
752 2840 838 2909 hora
858 2862 950 2908 nona
969 2841 1151 2936 convenire

72 2955 248 3049 coepistis3
270 2954 363 3025 hune
387 2952 477 3022 diem
497 2952 568 3046 jam
591 2976 635 3020 ne
652 2962 832 3018 numerant
852 2947 988 3042 quidem
1006 2973 1015 3017 ε
1036 2948 1150 3020 decem

71 3065 147 3135 dies
169 3078 249 3133 sunt
269 3077 347 3133 ante
365 3060 480 3134 Ludos
496 3061 645 3148 votivos,
660 3083 745 3154 quos
763 3060 826 3128 Cn.
846 3059 1025 3154 Pompeius
1045 3058 1152 3131 lactu·

73 3202 134 3246 rus
155 3190 224 3264 est;
238 3174 261 3243 ii
279 3173 368 3243 Ludi
386 3172 457 3242 dies
474 3170 667 3266 quindecim
680 3169 854 3238 auferent:
870 3167 992 3238 deinde
1003 3171 1151 3239 Romani

72 3287 239 3359 continuo
260 3297 527 3378 consequentur:
543 3282 589 3350 ita
603 3305 709 3376 prope
724 3303 771 3348 xn
789 3277 907 3347 diebus
925 3277 1150 3374 interpositis,

72 3416 150 3470 tum
169 3397 315 3491 denique
330 3419 364 3466 se
382 3394 426 3464 ad
438 3418 491 3482 ea,
505 3417 579 3487 quae
591 3415 611 3461 a
625 3389 722 3460 nobis
740 3387 829 3460 dicta
843 3401 1152 3481 e1·unt,responsu·

70 3599 193 3672 galenses
202 3595 440 3650 committebantur
449 3591 539 3666 pridie
549 3589 592 3655 ld.
636 3591 695 3646 llari
717 3589 812 3662 posse?
832 3589 889 3660 Ego
909 3604 987 3650 vero,
1007 3604 1042 3639 ne
1063 3584 1151 3642 dicam

72 3679 161 3752 April.
182 3689 215 3731 ut
233 3693 265 3729 ex
287 3675 365 3730 Livio
387 3687 502 3740 constat,
520 3671 593 3726 Ludi
637 3670 715 3737 dolo,
732 3687 825 3724 vocem
848 3669 935 3732 illem,
955 3665 1152 3736 Megalensibus,

72 3772 165 3812 antem
176 3756 291 3810 Romani
300 3751 508 3827 pridiellnlend.
518 3753 591 3824 Sept.
637 3749 803 3806 eCiceronis
823 3749 883 3801 loco
902 3759 929 3800 et
948 3746 1150 3820 expungendam

71 3851 107 3892 ut
117 3857 135 3891 e
149 3837 241 3910 priore
255 3837 361 3890 actione
380 3835 409 3888 in
422 3835 537 3888 Verrem
550 3851 594 3886 oo·
637 3844 719 3902 puto,
733 3841 786 3883 ete
801 3828 955 3901 glossemate
964 3827 1055 3898 aliquo
1067 3828 1096 3880 in
1105 3846 1151 3880 or·

72 3916 302 3990 gnoscitnr3quis
313 3929 446 3987 estusque
457 3913 593 3978 eo'bebes,
638 3909 731 3964 dinem
755 3905 892 3964 Ciceronis
915 3907 1060 3960 verborum
1086 3907 1151 3960 irre·

73 3997 193 4071 quinon
207 3995 312 4062 rideat,
334 4008 365 4048 nt
377 3993 460 4048 iidem
473 3993 527 4047 sint
538 3993 595 4045 Me·
638 3990 720 4062 psisse
735 3988 863 4060 suspicor.
875 3987 943 4040 Mur.
959 4017 999 4030 -
1016 3986 1058 4040 Cf.
1075 3984 1150 4058 quod

74 4079 195 4151 gelenses
218 4089 245 4132 et
275 4075 395 4144 Romani,
412 4074 488 4129 nullo
511 4069 594 4128 modo
639 4064 1155 4126 ramerudvenustent-Editmoscca:
