3040 4866
405 385 622 456 ANDRIA.
651 385 758 454 ACT.
781 385 825 468 V,
851 383 919 452 SC.
947 383 997 450 ΙΙ.
1162 405 1233 476 109

406 605 627 702 SCENA
656 607 996 699 SECUNDA.

267 823 446 896 navus.
475 817 741 894 ouranos.
768 819 911 890 snuo.
931 819 1143 914 ¹nuouo.

97 1112 107 1129 .
177 1035 244 1106 Du.
260 1037 380 1104 Animo
398 1057 493 1152 nrum⁸
501 1031 571 1188 {am
586 1030 692 1100 otioso
710 1052 781 1101 esse
799 1029 937 1124 impero.
956 1028 1023 1098 Cn.
1044 1029 1151 1116 Hem,
1168 1030 1236 1098 Da·

178 1249 227 1318 Sr.
254 1138 568 1341 Uuddudlgrtdditirri
585 1244 652 1312 Da.
682 1243 761 1312 Meo
790 1239 941 1336 presidio
967 1256 1065 1336 atque
1090 1240 1238 1337 hospitis.

335 1355 383 1426 Su
404 1351 496 1441 Quid
516 1348 597 1420 illud
618 1345 698 1418 maii
719 1333 793 1418 esti

178 1462 247 1532 Da.
267 1457 340 1555 Ego
366 1456 627 1530 commodiorem
654 1453 848 1540 hominem,
868 1453 1067 1542 adventum,
1091 1469 1241 1550 tempus,

339 1589 406 1633 non
422 1563 503 1632 vidi·
520 1565 567 1632 Sl.
585 1559 715 1648 SceluS,
1204 1591 1242 1637 sss

180 1672 366 1762 Quemnam
384 1669 439 1743 hic
457 1656 590 1742 laudati
600 1671 669 1740 Da.
682 1667 800 1738 Omnis
818 1691 870 1738 res
888 1669 1017 1761 estjam
1031 1669 1065 1736 in
1079 1667 1175 1737 vado.
1189 1671 1240 1738 St.

340 1778 442 1847 Cesso
463 1761 628 1872 adloqui?
1101 1823 1108 1836 .

182 1888 250 1957 Da.
272 1887 382 1954 Herus
402 1898 462 1956 est.
485 1882 575 1972 Quid
597 1867 719 1977 agam?
740 1880 786 1950 Sr.
810 1879 842 1947 Ο
860 1877 967 1965 salve,
988 1880 1076 1950 bone
1093 1883 1153 1950 vir.
1174 1884 1242 1952 Du.

342 1991 465 2076 Ehem,
484 1983 588 2058 Simo!
607 2014 628 2056 o
648 2000 760 2056 noster
778 1981 937 2055 Chreme!
1137 1977 1145 1995 ⁸

185 2097 308 2166 Omnia
322 2095 480 2191 adparata
493 2094 563 2188 jam
582 2106 659 2164 sunt
677 2093 774 2162 intus.
794 2091 844 2161 Si·
867 2091 999 2163 Curasti
1019 2092 1133 2183 probe.

228 2298 294 2361 843.
308 2297 444 2368 it'uuejum.
461 2295 513 2349 Alii
517 2298 572 2366 jam
583 2311 694 2348 nune-
737 2311 848 2367 genere,
861 2287 1057 2348 subaudiendus
1069 2307 1115 2349 est.
1126 2325 1164 2339 -
1176 2295 1246 2350 Tem·

190 2375 286 2440 Otiose,
297 2395 390 2430 aecum
403 2393 410 2428 τ
421 2377 483 2449 quia
494 2375 629 2446 negotium
642 2374 694 2427 rol·
734 2395 789 2446 pru.
803 2373 1244 2446 SieiegimusexBe.Weste1-hov.

186 2455 297 2512 licitudo
308 2467 355 2510 eat.
365 2455 457 2510 Donat.
464 2488 504 2500 -
512 2455 573 2508 Esse
583 2452 695 2508 subaudi
738 2452 892 2509 Lindembr.
899 2455 1104 2528 Perl.Valpy.At
1109 2474 1157 2508 ms.
1164 2457 1245 2512 Paris.

186 2557 275 2590 emtus.
304 2535 368 2588 fluo
391 2553 480 2588 mcum
502 2537 592 2588 Davus
613 2530 694 2587 domo
737 2534 874 2588 Adventum
888 2533 1244 2606 adtempus.1nLeid.uno

187 2616 325 2690 egrediens
335 2613 451 2685 Glycerii
460 2654 468 2683 ,
477 2615 597 2668 nonriso
611 2614 696 2668 Simo·
738 2629 776 2668 eet
785 2615 820 2667 od
830 2626 898 2686 temp.
912 2615 1045 2668 adveutum.

187 2715 222 2750 ne
231 2709 257 2750 et
274 2695 424 2750 Chremete.
436 2695 562 2760 -Hem,
585 2710 640 2747 vox
657 2705 696 2750 est
780 2697 845 2758 846.
859 2693 955 2746 Scelus!
964 2715 1088 2770 quemnam
1100 2698 1245 2752 luctando

188 2775 324 2829 hominem
349 2771 497 2829 indicantis.
520 2775 565 2828 Br.
588 2775 640 2828 En.
656 2803 695 2816 -
739 2773 789 2827 Hic
802 2774 872 2827 refer
885 2771 919 2829 ad
931 2777 1020 2840 scelus,
1035 2775 1172 2846 quomodo
1185 2799 1244 2852 sup.

190 2855 284 2908 Dauum
298 2854 356 2919 tibi,
376 2857 479 2909 Davum
492 2867 584 2921 tuum,
597 2865 623 2908 et
633 2853 695 2908 aub-
739 2873 764 2908 v.
777 2855 979 2908 dod-Omnis
988 2876 1025 2907 res
1035 2859 1126 2928 estjam
1134 2857 1242 2926 invado,

190 2933 321 2988 audieras.
740 2932 767 2988 id
781 2937 852 2988 estio
862 2945 920 2987 tuto.
932 2935 1246 3008 Metaphoraproverbia·

231 3013 697 3084 844.Undeegreditur.iieeseorsum
735 3013 1245 3087 iis,avadis,quassuntduminumlooa

190 3093 335 3166 loquuntur
348 3092 474 3147 Chremes
483 3107 510 3147 et
517 3093 606 3156 Simo,
621 3095 696 3146 Davo
739 3095 827 3147 minus
837 3091 981 3165 profunda,
994 3107 1019 3148 et
1028 3092 1088 3150 ideo
1099 3098 1246 3154 tutiora.-

191 3191 246 3226 non
266 3170 403 3236 audiente,
422 3185 448 3226 et
465 3173 521 3225 solo
543 3189 632 3226 meum
656 3173 696 3225 lo·
742 3173 815 3228 Cesso
838 3173 942 3248 adloqui.
967 3173 1066 3228 Eadem
1085 3196 1163 3250 supra
1185 3179 1246 3235 vide

190 3257 295 3325 querite.
306 3251 399 3305 -Hie
413 3269 468 3306 non
478 3251 638 3323 interrogatt
650 3250 697 3305 sed
740 3272 765 3306 v.
785 3259 851 3318 ²i4·

192 3351 253 3387 enm
274 3329 460 3397 admiratione,
472 3331 514 3384 vel
535 3331 616 3402 magis
635 3349 697 3384 cum
781 3335 848 3402 847.
870 3331 987 3398 Oreine,
1002 3333 1061 3387 bone
1072 3335 1246 3398 vir!,1roniua

192 3405 452 3483 indignationedicit.
461 3411 697 3474 Dum-Presidio,
741 3411 877 3480 salutatio,
888 3427 919 3468 ut
928 3416 982 3484 jam
993 3411 1247 3472 vidimus-Noster

193 3493 285 3557 tutela,
299 3509 434 3563 opera.-·
444 3491 567 3560 Hospitis,
585 3488 702 3543 Critonis
745 3491 850 3544 Chreme.
865 3493 925 3546 Vox
938 3491 1047 3546 affectus
1061 3497 1147 3566 magni
1160 3497 1247 3569 piena,

193 3571 306 3634 seilicet,
318 3589 372 3643 quo
384 3571 478 3624 nuntio
488 3573 577 3623 Davus
590 3567 700 3634 audivit,
734 3583 794 3642 'qun
808 3573 919 3626 latenter
929 3571 1040 3636 indicat,
1056 3591 1115 3646 quae
1126 3578 1180 3647 jam
1201 3598 1247 3632 au·

195 3649 701 3722 GiyoeriumChremetisiiliamesaein·
742 3649 825 3718 divit,
835 3651 919 3717 idest,
932 3651 1087 3724 Glycerium
1102 3673 1156 3708 esse
1166 3656 1248 3713 filiam
1345 3691 1351 3700 ι

194 3741 315 3794 ventam,
328 3728 355 3782 id
369 3728 441 3802 quod
453 3746 527 3783 senes
535 3731 614 3802 ambo
624 3729 699 3801 igno·
743 3731 903 3796 Chremetis,
916 3741 942 3784 et
964 3729 1025 3785 ideo
1039 3751 1095 3786 rem
1109 3736 1249 3810 Pamphilo

196 3821 264 3862 rant.
280 3809 368 3863 Periet.
376 3841 415 3851 —
423 3809 493 3880 Quid
503 3810 566 3862 illud
577 3809 635 3862 nesii
645 3823 697 3871 ese,
742 3811 811 3864 bene
824 3827 962 3865 cessuram.
975 3811 1097 3866 --ΒοῐὶιΙ
1111 3815 1187 3868 Edem
1200 3838 1249 3890 pro

196 3887 268 3960 qnod
284 3887 421 3960 portendit
432 3889 496 3943 Dari
506 3887 601 3944 letitia.
744 3891 804 3944 iem.

237 3967 303 4033 845.
319 3967 513 4022 Commodianus.
531 3969 581 4023 Hic
593 3967 701 4042 adjecti·
786 3973 852 4036 848.
869 3970 958 4025 Omnia
968 3969 1252 4045 adpuutujumsurtiu·

196 4065 245 4103 vus
252 4059 312 4101 ante
320 4060 372 4101 tres
382 4049 561 4114 substantivus,
573 4049 701 4121 prosario
746 4063 803 4115 tus,
819 4049 950 4120 subrufi,
969 4047 1003 4105 ad
1015 4054 1132 4126 nuptiae.
1152 4056 1254 4113 Attudit
