3052 4864
421 413 639 482 anunm.
666 415 777 484 aar.
805 413 840 500 1,
867 413 936 481 sc
965 415 990 478 1.
1191 439 1233 482 21
1285 383 1288 390 ’

176 546 296 615 Habet.
316 543 543 614 Observabam
567 569 665 614 mane
683 542 815 616 illorum
837 542 986 614 servulos

174 653 354 722 Venientes
375 663 433 720 aut
452 649 629 738 abeuntes,
645 651 830 746 rogitabam
850 677 857 718 :
876 650 978 738 heus,
998 673 1096 744 puer,

176 759 242 828 Dic
259 757 373 845 sodes,
387 757 458 850 quis
475 756 548 826 beri
562 755 759 851 Chrysidem
776 754 911 826 habuit?
925 781 1003 826 nam
1019 755 1151 828 Andriae
1217 781 1243 820 ³⁵

178 861 230 933 llli
247 863 281 933 id
302 876 373 932 erat
392 887 526 932 nornen.
549 865 609 934 So.
624 865 746 932 Teneo.
763 863 810 932 Si.
827 861 1005 932 Phaedrum
1027 876 1085 932 aut
1100 861 1240 956 Cliniam

177 969 363 1057 Dicebant,
377 983 436 1038 aut
449 969 641 1040 Niceratum
655 994 662 1037 :
677 993 755 1038 nam
772 967 809 1038 bi
828 982 894 1039 tres
911 981 981 1038 tum
997 967 1095 1039 simul

179 1075 351 1144 Amabant
365 1075 458 1162 Eho,
474 1075 554 1170 quid
571 1073 786 1170 Pamphilus?
798 1072 901 1169 quid?
915 1072 1096 1168 symbolam

179 1284 294 1356 quodam
328 1283 410 1340 animi
445 1284 617 1356 precipitem.
648 1285 689 1338 Ita
733 1285 858 1347 Ιιαύιιεήε,
871 1284 935 1355 quia
945 1302 1000 1336 non
1010 1285 1105 1356 incipit
1113 1305 1242 1357 querere,

179 1365 255 1436 Vir-g.
277 1362 382 1418 AEnaid.
402 1364 451 1418 lib.
471 1365 501 1430 1,
520 1382 547 1418 v.
570 1369 605 1426 do
625 1382 664 1436 aq.
681 1381 688 1416 :
733 1381 817 1435 quum
830 1362 1244 1438 vocat,«dicaodes‚·sedquum

183 1445 291 1510 «Quum
301 1444 374 1497 Juno
387 1456 512 1497 aternam
525 1461 630 1496 servans
639 1444 688 1496 aab
733 1441 799 1496 dicit
808 1441 1002 1515 uquiaberi...»
1016 1443 1051 1496 Et
1057 1462 1120 1515 erpo
1128 1463 1179 1497 vox
1192 1451 1244 1516 quis

180 1535 289 1596 pectore
305 1523 415 1587 vulnus,
427 1523 490 1577 Hac
504 1541 593 1577 aecum
609 1540 616 1574 :
635 1540 690 1576 me·
733 1520 902 1594 intelligenda
926 1533 965 1577 eat
985 1523 1059 1594 quan
1080 1541 1135 1576 non
1156 1528 1243 1580 conti·

180 1620 215 1656 ne
240 1615 313 1656 etc.»
338 1633 378 1646 —
400 1602 487 1666 Certe,
510 1603 566 1656 sine
588 1600 688 1662 dubio,
733 1603 1082 1656 nuatanarrutioneaverbo
1092 1603 1243 1669 atavorum

181 1701 232 1755 pro
244 1695 325 1736 certo.
339 1714 379 1725 -
395 1681 486 1753 Captus
502 1695 554 1746 aar,
571 1681 690 1735 absolute
734 1681 878 1754 incipiente
889 1678 924 1734 ad
934 1683 1159 1754 qum—Habuit,
1169 1703 1244 1739 verc-

181 1760 282 1814 dictnm
293 1781 324 1816 ex
334 1762 503 1816 translatione
511 1762 625 1815 ferarum
632 1780 691 1833 quaa
734 1760 822 1816 cunda
834 1759 919 1825 dixit,
931 1779 982 1831 pro
997 1760 1093 1814 truinn
1104 1774 1143 1816 eat
1155 1763 1244 1836 Chry-

182 1842 211 1896 in
222 1854 319 1896 venatu
330 1842 486 1912 capiuntur3
496 1840 593 1896 alludit
603 1841 691 1894 forsan
734 1838 801 1894 side.
820 1839 876 1894 Cic.
891 1839 973 1910 Epist.
988 1838 1022 1892 ad
1034 1841 1095 1894 niv.
1110 1843 1170 1908 lx,
1187 1851 1221 1900 26
1235 1845 1251 1898 :'

182 1920 216 1974 ad
225 1921 343 1992 priorem
352 1921 486 1994 Pamphili
497 1923 524 1974 in
534 1918 626 1974 studiis
638 1937 692 1973 me·
738 1945 749 1967 ι
758 1919 845 1972 Habeo
855 1916 946 1971 Laida.
957 1943 969 1966 ι
985 1917 1086 1972 Eodem
1102 1920 1156 1973 lere
1169 1942 1246 1978 sensu

182 1999 357 2067 diocritatem,
366 2019 445 2072 quem
452 1999 597 2054 nuncdicit
607 1999 691 2052 teneri
736 1998 831 2052 Achill.
848 1998 908 2051 Tat.
926 1997 1001 2062 vn,
1023 2015 1040 2065 9
1060 2015 1068 2051 :
1099 2025 1110 2046 ι
1126 2003 1246 2072 ἐρωμένην

183 2092 210 2134 et
218 2079 316 2133 irretiri
324 2079 424 2150 laqueis
434 2079 537 2151 puellae.
547 2077 693 2142 -Habat,
737 2073 809 2144 ιῖχιν.
819 2101 830 2124 ι
841 2076 953 2128 -lllam
965 2074 1069 2128 Andrioe
1082 2091 1132 2132 etc.
1146 2080 1247 2151 Lepide

184 2177 219 2212 ac.
234 2159 339 2211 vulnus.
360 2159 504 2228 Deaumpta
514 2175 566 2211 vox
585 2156 621 2208 ab
635 2173 692 2208 am·
736 2157 845 2209 relatam
858 2173 943 2226 puero
951 2173 1023 2208 nunc
1033 2156 1139 2210 absente
1147 2157 1248 2213 allocu-

185 2237 351 2308 phitheatro,
366 2237 521 2308 ubi,quum
535 2232 693 2306 gladiatores
737 2234 836 2288 tionem
853 2234 1041 2305 interrumpit,
1056 2247 1088 2288 ut
1103 2235 1136 2288 ad
1152 2255 1245 2292 verum

186 2315 282 2368 vulnus
306 2329 476 2386 acceperant,
497 2314 613 2386 populns
640 2313 693 2366 cla·
737 2313 950 2367 interlocutorem
960 2315 1181 2382 conversanum
1189 2336 1245 2372 me·

186 2397 301 2458 mabut,
329 2396 374 2447 boc
400 2395 491 2460 babet„
514 2393 591 2447 balet.
615 2393 690 2464 Virg.
738 2391 784 2446 dio
800 2391 958 2446 narrationis
970 2411 1058 2446 cursu.

186 2473 291 2529 AEueid.
302 2474 373 2542 ΧΠ,
384 2474 438 2544 ²95
453 2493 493 2545 aq.
508 2500 519 2523 ι
531 2513 537 2525 .
547 2514 569 2527 ..
580 2472 694 2544 graviter
779 2475 826 2527 86.
839 2473 926 2525 Teneo.
936 2471 1044 2544 Optime
1053 2473 1177 2530 intellexi.
1188 2478 1247 2532 Hoc

186 2554 259 2620 terit,
273 2566 353 2625 atque
367 2552 403 2607 ita
420 2554 504 2608 fatur:
517 2553 573 2605 Hoc
586 2553 665 2605 dubet.
678 2577 690 2599 ι
738 2549 1040 2622 modosignilicatsosia
1049 2558 1248 2624 seprtasenaisse

227 2634 275 2690 83.
295 2633 378 2686 Mane.
399 2633 470 2698 Quia
487 2636 541 2704 J'am
567 2651 581 2685 a
604 2633 696 2703 primo
739 2631 981 2704 Simonem,quum
994 2631 1152 2702 Chrysidem
1163 2639 1249 2690 nomi·

187 2711 697 2784 manciacipiebantamatorumcursita·
739 2723 829 2780 naret,
849 2712 1012 2764 mentionem
1032 2712 1119 2766 facere
1138 2713 1173 2768 de
1192 2718 1247 2770 An·

187 2791 271 2845 tiones
285 2790 319 2846 ad
330 2791 454 2863 puellam.
465 2823 504 2834 —
518 2791 627 2855 Illorum,
648 2792 698 2862 qui
740 2788 799 2843 dria
814 2808 893 2862 supra
908 2803 1069 2857 memorata,
1084 2806 1110 2845 et
1125 2791 1200 2858 ideo,
1217 2811 1248 2850 ut

189 2883 246 2924 tum
261 2872 392 2926 amabant.
739 2870 840 2940 integra
865 2881 965 2922 constet
989 2869 1077 2924 liberti
1102 2876 1249 2941 sententia,

230 2952 275 3015 84.
289 2951 418 3004 Venientes
432 2947 467 3004 ad
480 2948 627 3016 Andriam,
640 2969 696 3004 non
739 2946 919 3020 supplendum
940 2961 990 3009 est,
1011 2951 1033 3002 si
1050 2950 1140 3004 velis:
1162 2955 1247 3009 «Non

188 3027 223 3083 ad
236 3030 421 3101 Pamphilum,
432 3042 463 3082 ut
471 3027 579 3100 quidam
592 3029 694 3083 volunt.
739 3047 809 3099 opus
821 3040 859 3082 eat
868 3028 915 3080 ista
926 3028 1132 3098 subjiceremur
1142 3045 1226 3086 teneo.
1234 3061 1245 3081 ι

190 3110 327 3174 Nam,nec
338 3127 428 3178 paam
440 3108 529 3162 fuisset
541 3119 633 3180 pateat
645 3127 694 3162 nec
741 3107 842 3162 Gallice
861 3105 932 3160 band
952 3109 1042 3179 inepta
1063 3107 1254 3178 redderemus,

190 3190 217 3242 in
224 3189 332 3261 propria
338 3186 420 3242 domo
430 3199 549 3240 uteretur
562 3187 613 3241 bac
621 3207 696 3241 com·
744 3214 755 3234 ι
766 3185 810 3258 J'y
820 3191 878 3240 aad.
889 3185 902 3237 i

190 3269 340 3341 pellatioue,
352 3267 434 3331 Heus,
447 3285 506 3337 qua
518 3285 569 3320 vox
582 3280 620 3320 est
633 3286 695 3338 pro·
782 3269 828 3338 87.
842 3267 971 3322 Dicebant.
983 3267 1118 3336 Subaudi,
1130 3271 1251 3327 habuisse

190 3346 402 3420 culnppellantis.
411 3377 451 3390 -
459 3346 619 3416 Rogitadam,
633 3347 699 3418 quia
741 3344 908 3416 Chrysidem.
919 3378 960 3390 —
973 3347 1072 3402 Plurali
1081 3368 1194 3402 numero
1204 3352 1250 3406 bic

191 3447 245 3482 non
256 3426 392 3480 desinebat
405 3424 497 3480 sedulo
511 3443 614 3496 rogare.
743 3426 841 3492 utitur,
855 3427 918 3497 quia
932 3445 986 3480 non
999 3425 1033 3480 ad
1052 3428 1132 3480 unius
1147 3443 1251 3486 tantum

232 3508 278 3564 85.
298 3507 349 3560 Dic
364 3505 442 3560 sodo.
464 3503 540 3558 Sedes
560 3523 609 3558 vox
625 3505 700 3558 blon-
743 3506 840 3558 servuli
858 3524 999 3576 responsa,
1017 3505 1064 3560 aed
1080 3504 1115 3560 ad
1131 3512 1250 3564 omnium

192 3585 290 3640 dientia
298 3587 339 3640 rel
350 3585 521 3646 exhortantis.
532 3584 606 3656 quasi
619 3584 700 3650 dicat,
744 3603 812 3656 quos
822 3586 936 3656 rogitare
947 3599 1065 3655 poterat,
1075 3585 1195 3642 attendit.

193 3685 298 3737 quero,
308 3685 384 3738 rogo.
396 3665 543 3720 Priscianus
558 3677 633 3736 putat
645 3681 699 3716 este
785 3668 832 3720 88·
846 3665 978 3718 Amabant.
991 3663 1063 3717 Vide
1074 3683 1151 3736 cupra
1164 3687 1191 3722 r.
1207 3675 1254 3725 80.

193 3747 304 3798 verbum
323 3746 381 3798 :ait
395 3746 466 3798 enim
481 3742 603 3818 quedam
622 3745 701 3798 verba
745 3776 785 3788 —
803 3745 875 3810 Ebu,
890 3743 1037 3814 interjectio
1059 3744 1131 3797 alind
1152 3767 1184 3801 ex
1200 3753 1253 3804 alio

194 3841 249 3878 ease
270 3843 329 3896 qua
346 3825 374 3877 in
392 3843 440 3878 usu
457 3837 548 3878 carent
568 3823 702 3896 personis,
747 3824 896 3894 rogitantis,
906 3836 932 3876 et
943 3824 1082 3893 querentis
1089 3843 1256 3898 responsum.
1323 3879 1326 3884 ,

196 3915 239 3969 ut,
256 3902 328 3964 cedo,
358 3903 441 3972 sodes,
459 3904 543 3967 salve,
559 3922 614 3958 ave.
629 3901 703 3956 Sedes
749 3933 788 3944 -
799 3903 869 3973 Quid
877 3903 1020 3973 Paupertas
1030 3903 1100 3972 ¹lecit.
1114 3937 1154 3948 --
1166 3909 1256 3977 Quid?

195 3982 296 4036 dictum
320 3983 419 4052 quasi,·
436 3988 456 4033 si
480 3983 561 4037 arada.
581 4017 620 4028 —
643 3983 704 4049 Qun
749 3981 867 4036 Subaudi
884 3981 928 4035 bic
944 4000 1069 4054 quoque,
1077 3986 1154 4050 fecit,
1174 4002 1200 4040 et
1214 3991 1257 4042 in.

196 4066 249 4116 beri
275 4063 413 4135 Chrysidem
438 4062 527 4116 babuit.
554 4065 615 4116 Non
640 4061 706 4136 dicit
750 4063 838 4133 tellige
847 4061 875 4114 id
884 4068 1258 4140 atqueaeqtuurtarnsyrnb.

1061 4159 1101 4239 23
