2926 4858
525 405 587 471 DE
614 403 793 472 METRIS.
1053 423 1192 470 cxxxvrr

121 535 295 621 dimensi0‚
309 535 338 604 si
353 535 447 629 prior
461 533 598 604 dimeter
609 559 678 604 non
692 535 786 602 finiat
800 533 997 617 dictionem,
1010 534 1192 627 prasertim

121 647 146 711 si
162 667 239 713 non·
250 643 293 711 sit
309 641 460 726 iambus,
475 655 531 709 aut
542 643 566 710 si
585 641 722 711 accedat
740 639 952 735 synaloephe:
969 655 1021 726 ut,
1041 668 1057 703 o
1075 642 1191 708 Meum

120 764 256 844 gnatum
273 772 393 816 rumor
406 761 456 816 est
470 771 598 816 amare:
612 748 645 817 id
659 747 802 842 populus
815 761 911 815 curat
924 746 1056 816 scilicet.
1069 747 1193 815 »Prior

119 855 260 925 dimeter
282 853 400 923 finitur
422 855 456 922 in
478 879 613 938 oma‚o
639 852 797 948 syllabam
820 852 1015 948 productam
1031 878 1037 920 :
1054 867 1087 921 et
1102 855 1190 922 exei-

118 963 208 1056 pitur
232 986 253 1030 a
280 959 473 1055 synaloephe
491 989 508 1024 o
520 985 557 1028 re
571 960 614 1029 id.
630 990 647 1026 n
667 963 796 1030 Rursus
813 960 958 1029 ibidem:
980 989 996 1025 o
1011 961 1079 1048 Qui
1100 973 1192 1054 post-

119 1093 220 1163 quam
239 1067 391 1137 audierat
410 1091 478 1134 non
494 1066 608 1136 datum
624 1068 682 1153 iri,
696 1097 713 1132 o
731 1082 792 1137 etc.
809 1068 904 1135 Prior
917 1065 1059 1136 dimeter
1072 1066 1192 1135 desinit

119 1177 153 1242 in
171 1204 189 1240 a
201 1175 230 1262 i,
244 1203 262 1238 s
285 1173 431 1242 admixta
450 1171 649 1268 synaloephe.
665 1174 794 1242 Turbat
807 1187 841 1242 et
858 1171 938 1241 illud
954 1173 1112 1243 lectorem
1127 1174 1190 1240 mi-

120 1305 181 1350 nus
204 1281 446 1366 exercitatum,
470 1279 559 1374 quod
577 1279 745 1349 interdum
761 1294 897 1376 repente
917 1281 1034 1350 miscet
1050 1280 1191 1347 iambica

119 1412 195 1455 cum
213 1386 413 1470 trochaicis,
434 1387 583 1455 trimetro
603 1387 769 1456 interdum
787 1401 820 1455 et
836 1387 975 1455 dimetra
993 1401 1051 1455 aut
1072 1410 1188 1456 mono·

120 1509 227 1563 metra
240 1518 320 1564 cum
336 1495 552 1580 tetrametris‚
567 1492 779 1564 acatalectico
794 1518 871 1563 cum
891 1493 1103 1577 catalecticis‚
1119 1517 1189 1562 cre·

120 1601 183 1668 tica
198 1625 279 1670 cum
295 1600 502 1668 iambicisac
517 1600 693 1670 trochaicis
709 1627 716 1668 :
731 1600 821 1696 quod
842 1598 921 1669 locis
940 1599 1066 1694 aliquot
1081 1600 1188 1668 adno-

120 1709 263 1776 tavimus
278 1707 313 1775 in
330 1708 489 1800 margine.
509 1709 558 1774 Ea
576 1709 720 1777 mixtura
738 1708 879 1775 maxime
898 1707 953 1792 fit,
969 1707 1026 1775 ubi
1044 1731 1097 1776 res
1113 1718 1191 1775 sunt

121 1811 388 1882 turbulentiores.
400 1814 452 1882 Fit
469 1812 652 1900 interdurn,
670 1828 707 1883 ut
721 1839 818 1883 scena
835 1815 926 1908 prior
944 1814 1073 1882 desinat
1086 1813 1120 1880 in
1131 1812 1190 1881 he-

122 1919 340 2005 mistichium,
357 1933 391 1988 et
408 1919 449 1987 ab
467 1918 567 2012 hujus
584 1918 730 1989 clausula
748 1922 884 2015 incipiat
901 1944 1000 1989 scena
1019 1920 1190 2014 proxima:

122 2023 259 2095 velutin
279 2024 411 2094 Andriae
427 2040 521 2094 actus
543 2028 630 2096 tertii
649 2051 746 2097 scena
762 2029 875 2108 tertia,
889 2054 906 2092 o
920 2025 985 2095 Sed
1005 2049 1121 2094 eccum
1137 2027 1190 2093 vi-

124 2131 182 2201 deo
198 2134 312 2228 ipsum
328 2131 417 2201 foras
438 2134 537 2201 exire.
554 2162 571 2197 o
588 2135 740 2202 Dimeter
763 2147 813 2202 est
830 2131 948 2226 plenus
968 2157 1045 2201 cum
1066 2133 1191 2226 sesqui-

125 2238 217 2332 pede.
238 2237 417 2308 Perficitur
443 2241 537 2308 initio
565 2264 670 2310 scena·
696 2241 885 2333 sequentis:
910 2268 927 2304 κ
945 2239 997 2309 Ad
1019 2253 1052 2308 te
1074 2239 1191 2321 ibam;

126 2345 280 2438 quidnam
297 2343 396 2414 estin
416 2360 453 2414 ut
466 2347 507 2415 sit
520 2370 640 2415 scazon
654 2361 845 2416 tetrameter
861 2344 1080 2416 catalecticus.
1097 2344 1190 2413 Non-

128 2477 293 2547 nunquam
308 2452 427 2535 dictio‚
441 2477 514 2547 quae
528 2455 671 2547 pertinet
681 2453 722 2521 ad
740 2477 872 2522 sensum
887 2477 1001 2522 versus
1015 2453 1193 2546 sequentis,

129 2582 182 2650 per
196 2558 367 2629 elisionem
388 2558 577 2629 adnectitur
596 2559 654 2628 fini
676 2560 893 2654 praecedentis
913 2586 920 2626 :
937 2575 973 2628 ut
994 2561 1029 2628 in
1047 2557 1189 2652 prologo

129 2665 298 2734 Eunuchi:
322 2666 417 2754 «Qui
433 2664 517 2735 bene
536 2665 696 2735 vertendo
719 2683 751 2734 et
772 2691 827 2736 eas
848 2665 1067 2735 describendo
1085 2663 1191 2748 male,

129 2793 167 2836 er
180 2771 449 2856 Graecisbonis‚n
471 2787 535 2842 etc.
546 2774 674 2841 Durius
689 2788 765 2860 est‚.
773 2797 876 2866 quum
891 2772 1031 2842 dissecta
1047 2771 1193 2840 dictione

130 2877 215 2967 prior
235 2876 361 2972 syllaba
381 2877 455 2947 finit
478 2903 629 2962 versum,
652 2878 785 2972 reliquae
805 2881 968 2972 incipiunt
985 2892 1192 2972 sequentem:

131 2983 277 3053 Eunuchi
298 2999 392 3052 actus
412 2987 500 3054 tertii
523 3009 623 3054 scena
644 2987 771 3078 prima:
795 2987 994 3054 «Continuo
1017 2983 1194 3079 siquando

131 3085 180 3156 illa
195 3090 296 3176 dicet,
310 3090 495 3159 Phaedriam
515 3093 774 3160 intromittamus
789 3107 1026 3178 commeatum,
1046 3105 1082 3160 tu
1097 3094 1193 3160 Parn-

12 3217 20 3227 ·
132 3193 290 3286 philam.»
315 3195 477 3266 Elisiones
497 3198 576 3265 item
600 3212 633 3266 et
651 3222 845 3291 synaereses,
879 3199 1063 3292 praesertim
1084 3199 1195 3265 minus

132 3302 250 3372 usitatae
267 3302 358 3398 apud
376 3305 594 3386 recentiores,
611 3303 740 3373 faciunt
754 3320 793 3372 ut
810 3303 915 3374 lector
933 3305 1113 3399 impeditus
1129 3303 1194 3372 fre·

132 3423 262 3500 quanter
275 3409 400 3478 haereat
420 3411 454 3478 in
469 3411 623 3479 carmine.
639 3408 781 3478 Eliditur
795 3425 906 3480 autem
921 3412 955 3478 in
974 3411 1108 3480 comicis
1120 3434 1191 3477 ver·

133 3511 451 3604 sibusvconsonans,
460 3529 498 3584 ut
509 3517 661 3611 inprime
673 3541 773 3586 scena
787 3542 794 3584 :
810 3519 911 3586 «Sine
926 3517 1048 3586 invidia
1061 3515 1192 3586 laudem

133 3617 268 3692 invenias
285 3637 319 3691 et
332 3626 457 3692 amicos
475 3647 582 3715 pares.
598 3653 616 3687 o
636 3625 765 3694 Rursus
780 3622 900 3692 ibidem
918 3649 925 3690 :
945 3621 1128 3693 «Liberius
1140 3625 1191 3691 vi-

132 3727 223 3796 vendi
234 3727 294 3798 fuit
308 3743 473 3824 potestas,
489 3754 565 3798 nam
581 3723 696 3814 antea,
710 3759 727 3794 ³>
746 3744 807 3799 etc.
818 3735 902 3800 Item
918 3731 951 3796 in
967 3755 1065 3798 scena
1079 3733 1192 3798 tertia:

137 3833 362 3924 «Enimvero,
386 3839 500 3920 Dave,
523 3835 603 3904 nihil
628 3834 692 3906 loci
719 3852 787 3920 est,
809 3867 826 3902 o
851 3851 914 3905 etc·
939 3839 1084 3906 Carmen
1106 3838 1192 3905 enim

133 3937 241 4032 incipit
257 3942 299 4010 ab
317 3956 496 4036 anapaesto.
513 3945 555 4010 Et
573 3957 650 4011 ante
668 3945 701 4011 in
724 3969 821 4012 scena
841 3945 967 4037 prima:
987 3959 1004 3992 «
1014 3943 1193 4010 Enimvero

135 4059 306 4135 spectatum
320 4051 407 4119 satis.
421 4080 437 4114 »
454 4048 595 4118 Eliditur
610 4065 641 4117 et
657 4075 692 4135 s,
712 4064 782 4118 tum
796 4053 828 4117 in
849 4051 931 4133 hnc,
952 4065 1020 4118 turn
1037 4052 1069 4116 in
1088 4049 1194 4118 medio
