2968 4856
386 423 575 492 nnius.
603 423 710 492 ACT.
737 421 796 507 11,
819 419 886 489 sc.
915 421 943 486 1.
1065 453 1071 470 ‚
1118 415 1191 515 347

124 554 222 622 cnr.
242 553 321 622 Non
330 547 462 648 'cogitas
476 555 556 624 hinc
572 551 706 649 longule
723 549 815 623 csse?
827 551 872 620 Et
886 550 974 620 nosti
988 575 1099 620 mores
1116 576 1190 620 mu-

289 657 427 729 lienum:

124 767 216 834 Dum
230 764 428 852 moliuntur,
444 766 525 835 dum
542 781 738 856 comuntur,
754 789 860 835 annus
878 778 936 834 est.
954 765 1056 834 Cum.
1075 764 1108 832 Ο
1126 761 1190 833 Cli-

190 895 194 904 '
292 873 405 968 tipho,
1159 900 1197 944 ado

122 979 247 1048 Timeo.
266 981 365 1050 Cum.
384 980 531 1074 Respira.
545 983 672 1051 Eccum
690 982 900 1050 Dromonem
918 1001 995 1047 cum
1007 977 1089 1072 Syro
1104 998 1186 1043 una:

289 1085 409 1156 adsunt
431 1086 499 1156 tibi.

121 1297 184 1364 jam.
197 1325 239 1338 -
256 1293 286 1348 St
304 1296 343 1348 nii
362 1297 421 1348 mali
436 1308 504 1349 esset
524 1296 639 1370 Angitnr
683 1293 855 1365 Fcernined
869 1295 979 1350 omnino
990 1308 1125 1350 maumam
1136 1310 1194 1346 mu·

125 1374 276 1446 suspicione
292 1375 354 1441 itta,
379 1395 417 1430 vt.
437 1374 502 1429 231.
524 1407 565 1420 -
582 1376 640 1430 Jam
682 1376 797 1444 lienum,
810 1379 893 1430 conari
905 1375 988 1447 magis
1000 1375 1129 1428 virorum.
1147 1372 1193 1426 In·

126 1455 165 1507 iu'c
175 1455 278 1520 adesset,
289 1474 324 1509 cc.
335 1455 640 1527 Antiphila-Quando
683 1455 754 1510 dicat
768 1456 900 1528 denique,
915 1455 991 1527 quasi
1004 1455 1104 1517 obiter,
1117 1453 1194 1506 Bent-

127 1537 189 1586 t'stac
197 1536 251 1606 jam
264 1529 330 1586 erit?
345 1534 463 1601 Quando
475 1534 504 1589 id
517 1535 591 1608 quod
610 1551 640 1592 tu
683 1537 767 1602 leius,
781 1537 1000 1589 dementarentur.
1014 1565 1053 1578 -
1066 1535 1133 1586 Dum
1145 1551 1194 1584 mo·

127 1613 209 1679 dicis,
222 1616 343 1686 eveniet?
357 1618 392 1669 Et
401 1619 456 1687 jam
472 1635 522 1670 vox
536 1630 575 1671 est
588 1616 639 1670 im·
683 1617 782 1670 Instar.
802 1619 874 1670 Dum
890 1628 1017 1688 surgunt,
1032 1625 1140 1668 movent
1152 1631 1195 1676 ce,
1283 1619 1289 1628 '

127 1695 261 1765 patientis.
682 1709 859 1770 promovent,
882 1708 1026 1767 apparunt,
1051 1705 1194 1765 nugantur.

170 1774 234 1844 ²39·
247 1775 357 1844 longui«
367 1795 424 1829 etse.
438 1777 572 1847 Antcsign.
585 1778 638 1828 Ion·
683 1807 724 1820 --
741 1775 809 1830 Vult
838 1777 972 1828 Boecierus
999 1773 1111 1828 subaudi
1136 1771 1196 1845 quid

127 1857 183 1923 gius
192 1855 281 1908 obesse.
290 1855 335 1908 Sic
343 1855 389 1911 Bt.
399 1855 463 1908 Poll.
472 1869 497 1910 et
503 1853 553 1909 Ed.
564 1856 638 1910 Med:
683 1875 775 1921 nrum,
792 1868 818 1908 et
833 1855 966 1928 intelligi:
984 1853 1065 1908 «dum
1079 1853 1195 1906 moliun-

128 1934 208 1987 Tm.
217 1963 258 1976 -
267 1935 341 1989 Nosti
351 1955 425 1987 mores
439 1937 570 1989 mulserunt.
588 1937 640 1990 Atii
683 1948 728 1990 tur
740 1955 787 1989 seu
806 1953 867 1988 cum
880 1933 997 2006 quodam
1011 1936 1101 1987 labore
1114 1949 1193 2003 appa·

129 2013 306 2085 intes-rogant,
318 2016 489 2068 nostin'mores
497 2017 640 2070 mulierum?
682 2027 794 2073 runtea.
812 2033 871 2086 qua
889 2015 938 2068 sibi
961 2013 995 2068 ad
1010 2010 1128 2066 eundum
1147 2027 1194 2062 ne-

128 2093 196 2158 Qoe
209 2094 288 2146 lectio
299 2095 389 2147 verior
400 2093 506 2148 videtur
516 2096 639 2152 Wester·
683 2096 796 2150 cessaria
809 2092 953 2148 credunt.»
967 2126 1007 2136 -
1018 2094 1085 2145 Dum
1099 2109 1196 2142 comun-

129 2171 226 2240 hovio,
237 2175 298 2245 quia
315 2175 486 2247 interrogatio
501 2193 640 2248 pracesse·
684 2188 732 2229 tar.
747 2177 817 2228 Dum
832 2187 1088 2228 ornantcomas.-
1102 2169 1191 2222 Annus

128 2267 179 2306 rat.
194 2284 235 2295 -
247 2253 313 2305 Hinc
328 2255 432 2326 longule.
448 2255 544 2308 Procul
558 2255 592 2309 ab
607 2275 639 2309 eo
683 2267 730 2309 est.
750 2257 836 2308 Totus
857 2273 942 2308 annus
966 2253 1029 2307 obit.
1050 2249 1194 2322 Hyperbo-

128 2331 188 2386 loco
210 2331 281 2386 uude
301 2334 428 2406 veniunt,
443 2333 476 2388 ad
490 2335 640 2390 Chremetis
681 2334 732 2389 lice
746 2333 866 2400 dictum,
880 2348 912 2388 ut
928 2332 1051 2387 Eunuch.
1064 2349 1103 2384 vs.
1120 2328 1195 2399 73²²

129 2410 251 2465 domum·
683 2416 939 2470 AEtotem.Caeterum
948 2412 982 2466 de
991 2410 1198 2466 cademcuncta·

172 2499 236 2556 ado.
254 2492 321 2544 Dum
343 2494 481 2550 moliuntur.
501 2497 638 2567 Antesign.
682 2496 756 2550 tione
782 2495 942 2560 mulierum,
964 2495 999 2548 ci.
1025 2493 1110 2548 Plaut.
1136 2489 1196 2540 idil-

128 2583 215 2652 notat.
228 2571 357 2643 quosdam
381 2575 467 2646 legere
491 2577 639 2628 molliuntur.
682 2576 808 2640 1v,v11,
826 2594 852 2644 9.
873 2575 939 2629 Peri.
956 2601 996 2617 -
1015 2574 1058 2628 cf.
1079 2583 1106 2624 et
1124 2567 1196 2622 idem

127 2651 162 2704 Et
183 2651 292 2723 quidam
311 2669 517 2722 commentator,
530 2655 639 2708 nomine
684 2655 826 2718 Comicus,
837 2655 919 2709 Stich.
929 2657 966 2720 V,
977 2672 1017 2718 tv,
1031 2671 1075 2722 ¹9·

128 2731 255 2794 Cottius,
268 2731 452 2804 italegendum
465 2753 519 2788 esse
530 2749 640 2789 conten·
725 2740 792 2798 ²41·
806 2735 866 2788 Ecc.
883 2736 971 2787 Drom.
987 2751 1039 2786 cum
1054 2731 1110 2804 Syr.
1125 2747 1195 2782 atto.-

129 2808 254 2883 ditapud
269 2811 640 2880 Plautum,Trucul.II,11,
684 2815 774 2868 adsum
790 2827 807 2867 t.
832 2814 907 2868 Hanc
928 2812 1126 2866 distinctionem
1151 2827 1195 2861 re·

130 2892 168 2954 54
196 2909 203 2944 ε
228 2891 402 2945 molliendis
430 2913 487 2946 rem
517 2896 636 2966 coegit·
684 2893 1069 2966 cepitPetletusexBentleio.
1084 2891 1128 2942 Bt.
1145 2906 1194 2940 utta

129 2971 201 3034 Atii,
221 2969 354 3034 molendis,¹
366 2973 485 3044 passive,
505 2995 519 3028 a
536 2977 638 3038 molere,
684 2975 789 3040 adsum,
804 2973 856 3028 tibi.
878 2973 929 3028 Sed
948 2975 1036 3046 plures
1052 2971 1194 3040 interpun-

130 3049 204 3122 quod
218 3049 334 3105 admittit
344 3050 524 3125 Lindenbrog.
541 3068 567 3107 et
581 3075 642 3108 con·
684 3068 763 3128 gunt,
778 3056 836 3108 Eoo.
853 3055 900 3107 Br.
917 3073 970 3107 cum
985 3051 1064 3124 Syro,
1079 3069 1128 3102 utta
1140 3047 1194 3100 adt.

130 3128 217 3184 tendit
229 3150 283 3184 esse
295 3131 442 3202 significatu
453 3135 535 3205 turpi.
543 3134 642 3188 Merito
685 3136 738 3188 etti.
749 3141 789 3178 -‘
802 3137 896 3201 Timeo,
911 3159 923 3182 ι
933 3153 967 3187 ne
977 3131 1044 3205 quid
1054 3129 1117 3182 muli
1129 3129 1171 3181 sit.
1181 3153 1194 3174 ι

131 3223 222 3263 autem
237 3210 372 3282 vapulata
385 3213 511 3280 Bottiaia,
530 3214 641 3268 Advers.
685 3215 720 3268 Et
735 3215 786 3267 hoc
801 3215 863 3266 mali
878 3213 1000 3283 intelligit
1014 3207 1086 3287 quod
1101 3210 1196 3261 innue-

56 3289 61 3300 '
130 3289 200 3354 XII,
217 3290 643 3364 10.Aliidcniquemuniendis.—
685 3307 738 3362 rat,
755 3313 793 3348 vs.
812 3294 883 3358 2313
899 3307 929 3346 ut
941 3297 995 3363 jam
1011 3288 1193 3344 indicavimus.

130 3369 197 3421 Dum
218 3383 351 3444 contuntur.¹
370 3371 412 3424 Sic
432 3373 566 3444 Antesign.
581 3375 641 3428 Par.
686 3405 728 3415 —
741 3375 850 3445 Hospita.
862 3373 945 3438 Quasi
958 3371 1078 3425 diceret:
1097 3364 1196 3436 «spiri-

130 3449 196 3506 We.
224 3451 297 3503 Mur.
325 3449 394 3504 Peri.
412 3451 493 3525 Valp.
519 3452 642 3507 codicum
686 3466 745 3507 tum
768 3468 862 3518 tuum,
882 3453 928 3524 qui
951 3469 1007 3522 pra
1031 3459 1104 3500 metu
1123 3463 1196 3497 oom-

130 3529 286 3583 auctoritate
298 3530 403 3583 muniti.
418 3533 486 3598 Alii,
500 3532 546 3586 sed
555 3534 641 3605 pauci,
686 3543 866 3606 presenserat,
879 3531 989 3584 liberius
1000 3528 1101 3581 emitte.
1112 3549 1124 3571 ·
1136 3525 1159 3576 Ι.
1172 3542 1196 3577 es

130 3622 266 3663 comantur.
296 3610 336 3662 De
359 3609 401 3662 his
424 3626 513 3666 autem
536 3613 645 3667 interest
686 3613 805 3666 animum
819 3611 917 3683 recipe.
933 3609 1129 3660 -Dromoaem
1145 3623 1197 3656 cnm

131 3689 198 3742 acite
217 3687 292 3762 quod
318 3703 392 3743 notat
414 3691 548 3759 Muretus,
568 3693 644 3745 «Ve-
687 3691 758 3763 Syro.
779 3691 870 3744 Ambo
894 3689 923 3742 hi
947 3689 1014 3742 servi
1038 3706 1090 3740 una
1110 3683 1197 3747 missi,

131 3769 254 3822 tuitiones
265 3789 358 3821 comare
367 3769 533 3839 dixisse,ubi
542 3773 642 3844 posteri
687 3791 741 3826 una
761 3772 859 3824 reversi
876 3783 946 3823 sunt.
963 3800 1003 3811 --
1021 3767 1122 3820 Adsunt
1143 3763 1194 3815 tibi.

130 3867 228 3903 comere.
242 3876 252 3897 ι
270 3849 329 3904 Hal.
343 3862 369 3902 et
382 3852 464 3906 Goth.
479 3865 505 3905 et
520 3854 601 3907 Zeun.
616 3865 642 3906 et
685 3851 791 3905 Adsunt
800 3851 847 3906 tibi
860 3847 1039 3922 percupienti,
1048 3860 1075 3900 et
1084 3846 1112 3898 in
1126 3855 1198 3897 tuam

131 3928 211 3983 Both.
239 3943 365 3984 conantur.
390 3930 441 3985 lid.
466 3931 535 3986 Edd.
563 3935 639 3987 Bent.
686 3932 918 4005 exspectationem.
