2986 4858
318 384 393 460 250
538 389 721 460 PUBLll
749 388 1011 460 TERENTII
1038 388 1163 456 AFRI

315 521 452 606 Milites,
474 520 566 590 domi
589 521 720 615 focique
742 521 795 591 fac
814 522 956 592 vicissim
976 536 1014 590 ut
1032 522 1233 591 memineris.

316 632 424 728 Sanc.
447 628 668 698 iamdudum
692 631 821 698 animus
846 643 897 698 est
921 631 956 698 irt
975 629 1104 723 patinis.
1125 631 1192 699 Grr.
1220 629 1341 722 Frugi
1362 655 1412 696 es.

472 737 560 804 Trrrt.
573 738 644 805 Vos
664 759 717 804 me
735 736 999 831 hacsequimini.
1372 765 1412 799 ss.

356 947 421 1010 814.
433 946 509 998 Domi
514 946 620 1018 sucique.
634 943 704 998 Edd.
715 943 826 1018 quidam
870 947 963 1011 lateat,
985 945 1129 1016 requiritur
1144 961 1151 996 :
1176 945 1357 998 :Memento
1379 961 1409 998 ut

314 1025 419 1090 vetusti,
434 1027 504 1078 inter
514 1045 582 1097 quos
592 1026 724 1096 Antesign.
739 1025 827 1076 Domi·
872 1042 971 1078 ctenent
998 1043 1115 1096 appares.
1134 1050 1145 1072 ι
1179 1023 1268 1090 Quod
1297 1029 1407 1096 pansi-

315 1125 360 1178 qne
368 1108 475 1178 focique.
487 1105 654 1178 Eugraphius
660 1106 715 1172 soci
723 1104 827 1156 cedomi.
873 1117 930 1156 turn
946 1105 1067 1177 apprime
1080 1103 1164 1158 decet.
1175 1134 1219 1144 —
1231 1105 1403 1164 Mem'unis,

315 1186 441 1237 -Dorrrr'
452 1188 564 1257 focique,
580 1197 631 1238 etc.
652 1183 751 1238 Eadem
766 1184 829 1248 hic,
870 1185 985 1238 verbnm
998 1184 1311 1238 solemneirrconciune
1333 1187 1405 1237 ruili-

315 1283 368 1336 qna
388 1263 468 1318 duces
490 1265 633 1318 exercitum
653 1265 686 1318 ed
712 1283 827 1336 pugnam
871 1264 931 1318 tari.
944 1264 987 1318 Sic
999 1263 1293 1336 Homerus‚prtmt2
1310 1261 1404 1318 diets-

174 1329 178 1344 *
240 1355 247 1373 ³
314 1345 635 1408 incitabaut‚h0rtatione
645 1345 753 1398 Gnatho
766 1345 829 1396 San-
871 1340 938 1414 pedor
955 1347 1040 1406 ἀλκῆς.

313 1443 373 1496 garn
392 1423 426 1479 ad
442 1423 584 1477 discessum
598 1424 730 1479 hortatur.
744 1422 827 1490 Quod
913 1425 979 1479 815.
1003 1427 1107 1478 Animus
1124 1436 1168 1477 est.
1190 1425 1344 1496 Anteeign.
1367 1443 1402 1476 ert

272 1556 283 1568 ,
314 1502 441 1576 quidem,
460 1517 489 1557 ut
508 1503 616 1558 adnotat
629 1505 758 1576 exquisite
773 1505 827 1556 De·
870 1505 1260 1578 errimus.—Meharseqtu'rrtirei.
1271 1503 1401 1570 Quidam

314 1585 402 1646 eieria,
412 1604 467 1638 non
480 1599 578 1656 parum·
588 1585 720 1638 comicum
731 1597 757 1637 et
765 1595 827 1654 apte
870 1585 928 1640 haec
942 1586 1067 1638 tribuunt
1077 1587 1181 1656 Sangae,
1193 1585 1283 1650 male,
1297 1599 1332 1638 ut
1345 1587 1402 1656 opi·

315 1664 449 1719 coherens
472 1683 534 1718 cum
560 1677 614 1718 tota
637 1665 719 1735 hujus
743 1682 827 1718 scente
869 1677 948 1720 natur
963 1667 1039 1718 Bent.
1053 1664 1143 1718 Editio
1161 1665 1294 1737 princeps
1311 1665 1400 1736 Sequi-

314 1745 445 1797 irtt'sione.
469 1745 526 1808 Sic,
549 1743 577 1796 in
597 1745 648 1798 hoc
670 1746 743 1808 loco,
763 1745 829 1796 domi
870 1746 1169 1798 minthon—lamma.
1183 1748 1398 1816 estiupassnru

314 1844 369 1877 non
384 1844 434 1896 pro
445 1825 531 1896 patria
543 1823 722 1896 dicitur‚qun
734 1824 827 1877 utiliti-
870 1824 977 1896 pridem
995 1844 1012 1878 a
1033 1827 1104 1878 bello
1117 1843 1225 1878 aversus
1241 1826 1358 1878 animus
1373 1831 1397 1880 in

315 1905 365 1958 bus
380 1902 826 1975 repraesentaturdesendenda,sed
870 1905 956 1976 epulis
984 1918 1010 1958 et
1036 1904 1157 1976 cupediis
1184 1918 1261 1958 totus
1291 1919 1345 1958 est.
1361 1939 1396 1948 -

315 1985 427 2056 proipsa
436 1983 527 2048 domo,
536 1985 564 2036 in
573 2003 653 2055 quam
665 2003 738 2037 coena
748 2003 827 2056 appa·
869 1987 944 2038 Alex.
961 1983 1034 2054 apud
1048 1985 1147 2038 Athen.
1160 1985 1264 2056 Deipn.
1280 1987 1349 2039 Lib.
1368 2005 1395 2046 r.

313 2063 595 2134 randavoctttSangcm
604 2066 709 2132 ;etsocr',
717 2083 826 2136 uoupro
869 2068 944 2126 ὀνοῦς
957 2066 1005 2135 γάρ
1019 2068 1071 2119 ἐστι
1083 2070 1127 2124 τῆς
1139 2067 1269 2136 τραπέζης
1278 2070 1392 2120 altrici.

313 2145 413 2197 laribus
421 2143 578 2206 dicitur‚sed
588 2163 638 2215 pro
649 2164 678 2197 re
687 2143 825 2209 carindia,
870 2145 904 2198 Et
916 2147 972 2199 Cic.
984 2144 1018 2198 acl
1032 2146 1111 2198 Attic.
1123 2146 1193 2208 XII,
1210 2163 1243 2197 ra
1261 2163 1269 2198 :
1283 2173 1296 2192 ι
1308 2148 1392 2217 igitur

299 2223 519 2296 *queagitnrnd
534 2225 825 2296 incunt-intelligen-
868 2230 963 2279 animes
978 2225 1006 2277 in
1023 2225 1139 2280 hortis.»
1155 2225 1222 2276 Perl.
1241 2257 1285 2268 —
1303 2228 1390 2294 Fnrgi
1459 2283 1460 2286 ,

312 2303 377 2358 dum
399 2305 551 2376 igiturest,
574 2305 611 2368 si,
633 2305 728 2357 omisso
751 2306 826 2356 omni
870 2305 951 2358 Utilis
965 2317 993 2358 et
1009 2307 1120 2377 sapiens.
1138 2337 1178 2348 -
1200 2298 1230 2350 V
1225 2325 1265 2358 os.
1285 2305 1390 2360 Scilicet

312 2385 455 2438 verborum
468 2387 548 2454 joco,
563 2382 628 2455 quid
643 2403 735 2437 revera
752 2384 824 2439 intus
868 2385 993 2450 Gnatho,
1005 2399 1033 2439 et
1054 2385 1122 2438 servi
1143 2403 1211 2456 quos
1229 2383 1388 2440 adduxerat.

780 2542 913 2562 η...-

350 2662 441 2726 Quum
454 2660 531 2713 nobis
548 2658 624 2714 cordi
640 2658 735 2714 debent
748 2679 802 2714 esse
819 2659 975 2716 Terentium
987 2663 1021 2716 ab
1036 2661 1109 2715 omni
1123 2663 1349 2733 exprobratione,
1367 2665 1384 2716 si

310 2754 392 2808 modo
405 2773 459 2808 non
479 2754 589 2807 omnino
601 2756 670 2825 justa
685 2753 822 2822 videatur,
833 2753 990 2821 defendere
1002 2775 1089 2830 operae
1102 2755 1219 2828 pretium
1234 2755 1384 2810 essecredi·

310 2847 399 2900 dimus
411 2845 531 2900 refellere
545 2845 691 2918 judicium,
700 2847 773 2918 quod
784 2845 817 2900 de
825 2847 882 2900 tote
891 2849 944 2902 hoc
953 2861 1014 2904 actu
1023 2862 1049 2902 et
1056 2851 1199 2921 presertim
1210 2847 1245 2902 de
1256 2853 1382 2921 posterio-

309 2941 384 2993 ribus
402 2939 487 2993 scenis
505 2941 698 3011 pronuntiant,
710 2941 791 3012 paulo
810 2942 920 2996 fortasse
935 2944 1064 3006 severius,
1078 2941 1128 2995 viri
1144 2961 1212 3015 taepe
1224 2942 1306 2996 uobis
1320 2944 1382 2996 atio·

308 3034 374 3104 quin
394 3032 498 3105 probati
512 3034 587 3086 Alea.
600 3044 625 3084 et
638 3034 697 3086 Am.
716 3035 821 3086 Duvtr.
841 3035 895 3100 Qui
912 3034 1039 3107 quidem.-
1060 3036 1133 3088 «Les
1156 3053 1330 3107 personnager
1351 3057 1380 3088 nr

307 3126 411 3198 parient
428 3128 488 3200 plus
507 3127 580 3179 scion
596 3125 667 3179 leurs
687 3132 839 3179 caracteres.
851 3128 947 3191 Thais,
966 3128 986 3180 si
1007 3127 1173 3180 raisonnabie
1189 3125 1256 3179 dans
1267 3128 1294 3180 le
1308 3135 1380 3180 scene

307 3217 479 3290 precedente,
491 3231 518 3270 et
532 3231 611 3291 ayant
624 3215 693 3270 desi
711 3218 813 3272 bonnes
826 3221 928 3274 raisons
945 3225 958 3272 e
974 3217 1077 3273 donner
1092 3218 1126 3272 de
1148 3239 1175 3273 sn
1190 3217 1329 3282 couduite‚
1348 3239 1378 3272 ne

307 3309 410 3383 repond
426 3329 479 3382 que
494 3328 542 3381 pac
557 3311 594 3362 les
611 3323 679 3363 mots
694 3309 773 3364 d'une
789 3313 885 3365 semme
905 3333 937 3366 en
957 3313 1043 3366 colere
1060 3315 1075 3364 ὲ
1093 3312 1245 3366 l’imbecille
1260 3313 1376 3366 Thrasea

307 3405 352 3477 qui
373 3403 447 3475 parle
466 3403 726 3456 tres-seriensemeut
745 3405 782 3456 Le
798 3407 881 3476 jeune
900 3406 1042 3470 Chremes,
1055 3407 1162 3479 poltnou
1180 3405 1247 3458 dans
1262 3407 1286 3460 ia
1306 3413 1376 3462 scene

305 3495 481 3570 precedente,
496 3493 604 3550 devient
614 3502 837 3568 trec-counageux.
849 3499 886 3552 Le
899 3501 1010 3571 parasite
1024 3500 1150 3554 Gnathon
1164 3512 1203 3554 est
1220 3500 1246 3552 le
1260 3500 1315 3552 seul
1332 3500 1374 3571 qui

305 3591 481 3644 conscrve'uu
491 3607 544 3660 petr
557 3607 605 3641 sorr
619 3596 756 3643 caractere.
776 3592 818 3656 En
830 3592 935 3662 general
949 3593 1024 3646 l'acte
1034 3591 1120 3644 entier
1128 3609 1195 3644 nous
1209 3610 1225 3644 tt
1240 3609 1307 3663 pam
1320 3592 1374 3644 bien

306 3685 391 3738 moins
408 3685 460 3736 fort
476 3701 529 3755 que
544 3682 581 3734 ies
598 3685 726 3754 premiere
742 3703 792 3756 par
806 3685 845 3738 les
861 3683 997 3758 dialogues
1012 3699 1039 3739 et
1057 3703 1106 3756 par
1124 3683 1237 3738 l'actiori.
1251 3709 1262 3729 ι
1280 3684 1372 3737 Verum

306 3777 573 3832 animadvertendum
602 3791 640 3832 est
659 3777 790 3832 Thaidem
813 3797 867 3832 nou
891 3779 1040 3836 inconsulto
1063 3797 1154 3850 agere,
1176 3797 1259 3850 quum
1283 3778 1371 3830 nullam

307 3873 436 3926 rationem
454 3871 532 3924 militi
549 3872 645 3934 essert:
660 3872 681 3924 si
695 3872 765 3924 enim
783 3871 933 3930 Chremeti,
946 3871 1010 3926 dum
1025 3871 1074 3925 soli
1088 3885 1184 3934 essent,
1194 3869 1278 3922 multa
1290 3870 1371 3924 suasit·

307 3964 455 4020 Chremetis
468 3965 549 4018 solius
566 3979 604 4018 est
622 3965 735 4019 amilito
744 4005 751 4032 ,
767 3965 832 4020 dum
847 3979 908 4020 etrrtt
922 3986 1010 4020 corum
1027 3985 1070 4024 eo,
1084 3983 1201 4020 sororem
1215 3983 1290 4018 snam
1302 3982 1367 4035 repe·

308 4072 375 4122 terc;
396 4071 422 4112 et
442 4070 568 4130 prrctcrea
591 4060 674 4113 movit
692 4059 790 4114 Thaidi
810 4061 888 4114 bilem
909 4059 1059 4116 convicium
1080 4057 1146 4111 rude
1164 4059 1322 4120 Thrtsorrr's,
1335 4077 1366 4110 rs.
