3026 4862
427 387 613 456 aanor.
641 388 750 458 scr.
777 388 860 474 111,
887 386 957 455 sc.
986 387 1011 456 1.
1178 386 1253 483 379

188 517 303 590 Relevi
320 516 408 588 dolia
425 521 554 606 omnia,
577 544 692 589 ornnes
710 519 820 589 serias.
1213 551 1254 598 is..

187 629 314 696 Omnes
330 622 486 696 sollicitos
502 625 614 695 habui.
633 629 742 720 Atque
759 625 832 696 haec
848 649 914 694 una
931 649 1006 694 nox.

187 731 279 822 Quid
294 745 327 802 te
344 731 492 802 futurum
511 757 640 821 censes,
655 757 754 826 quem
772 730 900 802 assidue
914 728 1074 800 exedent?

187 840 240 909 Sic
258 863 311 908 me
327 838 373 908 Di
389 838 568 926 amabunt,
586 854 624 908 ut
645 863 699 907 me
718 853 850 907 tuarum
868 839 1050 908 miseritum
1064 835 1121 923 ἐι,

187 944 401 1032 Menedeme,
414 943 632 1016 fortunarum.
648 947 745 1016 Mun.
761 931 876 1015 Faciat
890 943 980 1039 quod
1000 943 1111 1013 lubet:

188 1053 323 1134 Sumat,
341 1066 533 1136 consumat,
548 1050 684 1147 perdat;
703 1051 872 1120 decretum
884 1049 926 1121 'st
942 1051 1029 1145 pati,
1212 1077 1251 1126 ns

187 1159 280 1228 Dum
301 1155 394 1230 illum
410 1157 511 1228 modo
524 1158 665 1228 habeam
680 1182 822 1228 mecum.
835 1160 926 1227 Can.
941 1158 974 1226 Si
987 1171 1115 1228 certum
1129 1155 1170 1226 ’st
1182 1157 1243 1228 tihi

187 1263 242 1335 Sic
259 1263 386 1350 facere,
404 1262 485 1334 illud
505 1265 678 1361 permagni
692 1263 817 1334 referre
834 1263 992 1352 arbitror,

186 1371 236 1439 Ut
255 1396 298 1441 ne
317 1371 475 1442 scientem
495 1373 615 1442 sentiat
636 1385 670 1442 te
691 1370 725 1440 id
744 1371 807 1441 sihi
824 1369 913 1442 dare.

228 1576 294 1636 660.
314 1573 403 1628 Relevi.
416 1573 700 1629 Alilaioi-Relevi
783 1576 851 1636 462.
874 1572 1002 1627 Futunsm.
1026 1572 1090 1628 Mas.
1110 1575 1250 1640 factunm,

185 1664 235 1706 etc.
255 1650 289 1706 Id
298 1655 545 1727 estpersomvi5quse
554 1653 698 1725 perforatio
741 1665 771 1705 ιιι
785 1664 859 1706 notet
870 1653 1084 1708 Westerhovius.
1094 1685 1135 1696 —
1152 1655 1254 1725 Quirite

184 1731 244 1786 lieri
262 1751 318 1788 non
340 1746 457 1804 poterat,
482 1735 532 1788 niai
554 1735 630 1806 prius
650 1753 696 1788 au·
735 1735 857 1800 suturam.
884 1731 957 1798 Quid
975 1731 1009 1786 sle
1023 1734 1178 1798 teiuturuna
1189 1753 1253 1787 ease.

185 1810 311 1879 temtor,
327 1825 373 1868 aut
387 1813 493 1884 argilla,
512 1827 558 1867 aut
571 1815 632 1885 pix,
652 1825 699 1866 aut
740 1843 780 1854 -·-
802 1811 924 1874 Amidae,
948 1831 997 1866 nec
1012 1811 1074 1866 ideo
1086 1825 1188 1867 tantum
1199 1832 1252 1866 une

184 1892 285 1959 resina,
308 1907 353 1947 aot
375 1911 488 1964 gypsus,
509 1893 604 1966 quibus
629 1893 696 1946 line·
739 1902 825 1958 nocte.
837 1924 876 1935 —
889 1891 1015 1958 Exedunt,
1028 1891 1139 1946 Bacchis
1152 1905 1179 1946 et
1195 1896 1251 1965 ejus

184 1969 282 2024 bantur
301 1972 384 2038 dolia,
402 1983 447 2026 aut
472 1974 696 2027 incrustabantur.
738 1970 849 2024 orecte.

186 2049 275 2121 Calpi.
287 2081 327 2094 -
342 2051 472 2104 Caeterum
485 2052 519 2106 sle
535 2050 616 2105 modo
633 2054 696 2106 vina
780 2050 846 2114 46³.
867 2047 910 2101 Sic
920 2070 956 2103 sne
968 2048 1011 2103 Di.
1031 2051 1083 2102 Alii
1102 2054 1137 2103 its
1152 2071 1188 2103 me
1201 2051 1246 2106 Di.

184 2125 317 2182 condendi
323 2168 332 2196 ,
345 2130 387 2184 Cf.
397 2131 466 2183 Ptin.
477 2133 512 2185 H·
523 2131 557 2184 N.
565 2133 641 2198 XIV,
652 2151 694 2186 eo.
737 2129 989 2203 —Antahunt.Guy.
999 2130 1255 2184 Amasene-Arne·

184 2207 527 2274 Eecotumett.xt1,18..
546 2211 634 2276 Delia,
649 2212 694 2264 in·
738 2208 811 2274 bwrt,
828 2207 922 2262 eodem
940 2229 1017 2264 sensu
1034 2229 1087 2282 quo
1108 2223 1200 2278 enrent,·
1224 2224 1250 2264 et

184 2287 257 2358 quit,
270 2301 296 2342 et
308 2292 390 2352 rerioe,
407 2301 552 2361 caeteraque
564 2309 624 2344 vasa
632 2311 695 2345 con·
737 2287 864 2361 intellige,
876 2289 938 2342 «Dii
949 2302 1085 2343 meament
1095 2302 1158 2356 tarn,
1168 2309 1248 2363 quarn

183 2364 271 2420 denda
281 2381 354 2423 sunt.
367 2369 432 2424 lior.
440 2369 499 2422 Lib.
508 2372 531 2436 I,
541 2359 647 2441 Odloo,
661 2391 674 2424 a
686 2392 693 2427 t
737 2381 873 2422 veruinast
881 2368 1055 2424 meminerere
1063 2383 1167 2423 turriam
1175 2383 1224 2424 etc.
1234 2396 1251 2430 s¹

186 2445 286 2512 ·Quod
294 2467 344 2520 ego
352 2449 409 2520 ipse
421 2461 485 2503 testa
493 2448 629 2503 conditum
640 2452 693 2509 levi.
736 2479 776 2492 -
785 2449 920 2502 Miseritum
931 2461 980 2512 est,
995 2452 1104 2521 supple,
1123 2463 1178 2503 tune
1189 2451 1207 2503 i.
1223 2469 1248 2504 e.

182 2553 223 2567 --
237 2525 321 2582 Serica.
338 2531 412 2582 Vasa.
424 2529 515 2583 fictilia
529 2530 629 2583 vinaria
644 2533 693 2585 ob·
736 2547 820 2600 quum
836 2527 891 2582 vidi
906 2530 983 2582 talem
995 2530 1135 2600 jacturam.

180 2605 276 2678 longa,
291 2607 319 2661 in
339 2608 436 2680 quibus
453 2609 544 2662 vinnm
563 2608 695 2666 mosande-
778 2611 845 2672 464.
868 2609 943 2678 Quod
961 2608 1010 2664 tab.
1038 2609 1123 2664 Gucll
1140 2628 1173 2674 r,
1193 2611 1252 2681 quid

179 2687 269 2742 batur.
282 2687 451 2742 Obturahant
465 2687 544 2760 pice,
563 2690 649 2757 calce,
667 2703 693 2745 et
736 2687 809 2742 Iubet.
822 2688 868 2741 Br.
883 2688 948 2741 libet.
960 2720 999 2732 -
1009 2688 1115 2755 Faciat,
1129 2689 1209 2744 filius.

179 2766 274 2821 reciae.
289 2767 400 2822 Farnab.
593 2825 595 2830 ,
778 2768 844 2830 465.
864 2767 966 2833 Samot,
984 2787 1017 2822 ex
1032 2787 1093 2823 meo
1104 2771 1198 2842 capiat.
1209 2803 1250 2814 -

222 2851 287 2909 661.
302 2849 692 2905 onimsotltenostatatttent.
738 2847 887 2913 Consumat,
911 2861 1017 2920 captum
1043 2849 1187 2921 impendat.
1209 2882 1249 2892 -

180 2924 273 2980 hebuit.
295 2927 376 2991 Quod
398 2930 529 3001 approbat
548 2930 691 2984 Ruhnken.
734 2927 843 2994 Perdat,
866 2926 974 3000 dissipet
993 2928 1115 2982 inaniter.
1135 2958 1176 2972 --
1197 2931 1248 2981 De·

179 3004 260 3058 Both.
271 3002 390 3076 disponit
399 3027 445 3060 orn.
459 3009 533 3061 habui
541 3010 586 3062 sol.
596 3041 636 3054 -
644 3011 694 3063 As-
734 3019 824 3060 eretmn
834 3019 870 3060 ert
879 3012 944 3078 pati.
958 3008 1069 3064 Decrevi
1079 3012 1149 3064 ferre
1160 3010 1252 3064 omnia

179 3103 224 3153 qne
247 3085 298 3137 bac
314 3103 363 3136 una
382 3105 438 3140 nae.
457 3088 545 3142 Mark.
559 3101 585 3142 et
598 3087 690 3144 Boend.
736 3087 793 3140 nati
808 3088 931 3154 mei,vel
947 3086 1055 3160 flagitia.

179 3163 291 3233 ltoecsmt
306 3184 354 3216 una
371 3183 426 3218 noc.
443 3197 483 3210 -
499 3169 589 3221 Omnes
603 3171 692 3222 solliei-
777 3171 843 3238 467.
860 3169 928 3222 Illud
934 3173 1069 3240 perosagni.
1090 3169 1143 3222 Alii
1155 3169 1189 3221 id.
1206 3201 1246 3210 —

179 3254 216 3296 too
228 3243 309 3298 habiri.
321 3243 385 3298 Sub.
398 3265 485 3300 servos.
499 3247 691 3303 Omneahaboi
734 3247 814 3313 illud,
833 3246 907 3319 qnosl
924 3249 1037 3319 explicat
1054 3267 1091 3302 ve
1111 3247 1252 3320 sequenti,

176 3341 267 3378 cervos
283 3324 363 3377 variis
382 3325 477 3378 officiis
497 3339 639 3399 occupator
661 3347 691 3383 ec
735 3339 763 3378 ut
776 3330 942 3391 nescientem,
960 3339 1010 3381 etc.

177 3400 333 3471 distractor,
360 3401 426 3458 dom
449 3398 482 3458 iis'
505 3407 690 3462 ministrarent.
776 3409 843 3470 468.
866 3407 1068 3460 Uenescientenr.
1081 3405 1249 3459 SiePalmer.

177 3482 326 3537 Fumat-
336 3483 427 3556 Longe
436 3485 692 3558 aliterintelligenda
734 3484 824 3540 Guell.
844 3487 897 3540 Atii
919 3487 1021 3540 divisim.
1033 3487 1125 3556 Vulgo
1138 3487 1250 3556 conjun-

177 3561 236 3617 hoeo
250 3565 377 3636 proponit
391 3565 543 3636 Engraph.:
571 3566 692 3620 «Omnes
733 3566 797 3619 etim
817 3570 963 3619 nescientem.
980 3567 1012 3618 In
1026 3584 1081 3618 uuo
1093 3563 1168 3618 Laid.
1182 3565 1247 3637 legi-

177 3641 260 3696 habui
274 3645 371 3698 ebrios.
385 3643 507 3698 Sollicitos
520 3644 593 3700 enim
610 3646 690 3718 signi-
733 3656 779 3698 tur
791 3658 818 3698 ut
831 3651 954 3699 nesciente.
968 3677 1008 3690 -
1024 3645 1109 3711 Utne,
1124 3664 1173 3717 pro
1186 3645 1248 3696 sim·

175 3721 238 3776 ltcac
255 3725 308 3776 eolo
320 3726 421 3792 citatos,
441 3724 513 3798 quod
529 3726 609 3780 ebriis
625 3745 690 3780 con·
733 3725 797 3797 plici
810 3745 849 3780 ne.
862 3757 895 3769 -
912 3725 1039 3779 Sciantem,
1053 3723 1167 3790 Ordine,
1179 3737 1206 3777 ut
1216 3745 1246 3778 ne

176 3800 269 3872 tingit,
290 3803 388 3875 quibus
404 3823 459 3858 non
475 3817 537 3860 sunt
554 3806 632 3861 firma
643 3825 690 3861 ve·
733 3810 822 3859 sentiat
838 3817 862 3859 te
873 3809 981 3859 anienem
990 3823 1002 3867 ‚·
1018 3817 1044 3858 et
1060 3805 1195 3876 intellige:
1214 3817 1247 3858 ot

175 3879 313 3952 &ginaed
324 3897 398 3937 motu
411 3887 530 3957 corporis
539 3883 585 3940 cisi
598 3899 685 3941 aunt.»
732 3905 788 3938 raon
798 3886 893 3941 sentiet
903 3898 942 3953 te,
956 3903 1038 3958 quum
1049 3885 1118 3938 hatte
1129 3885 1154 3938 ei
1169 3882 1251 3938 licen·

177 3960 304 4032 Eugnpls.
315 3995 354 4012 -ι-
367 3963 431 4018 Hoee
441 3985 489 4018 una
500 3985 557 4024 non.
569 3964 690 4040 Ilocluit
733 3965 796 4020 tiam
809 3963 915 4021 dederis
922 4007 932 4040 ,
945 3985 1001 4022 non
1014 3966 1138 4039 ignarum
1151 3981 1207 4018 ease
1226 3976 1252 4019 te

176 4041 290 4112 epatium
305 4043 385 4098 unius
397 4046 489 4100 noctis.
733 4043 804 4102 dare.
