2890 4866
299 369 412 416 xcvur
460 343 675 413 DANlELlS
703 339 876 410 HEINSII
903 339 1206 412 DlSSER'l'ATlO.

297 484 404 568 ταύτῷ
425 486 482 546 τοῦ
503 476 592 554 ἤθους
610 477 723 568 μονὴν,
744 474 829 544 risus
852 470 960 542 solvit.
980 473 1090 562 Quem
1110 471 1296 569 preclare,
1322 487 1383 554 τῆς

298 585 490 680 περιχαρείας
509 583 704 676 ὑπερίνχνσιν
724 591 781 660 τῆς
802 577 952 672 ψυχικῆς,
969 581 1096 674 antiqui
1117 596 1248 652 vocant.
1269 581 1381 650 Ideo·

297 718 362 788 que
383 708 417 762 et
438 689 614 776 Socratici,
636 711 779 782 quorum
803 685 879 756 libri
898 688 1097 782 penuarium
1118 684 1272 782 leporum
1295 714 1381 757 om-

298 802 390 872 niurn
408 797 546 868 fuerunt
563 819 603 863 ac
629 793 840 882 facetiarum,
857 792 948 886 quod
967 819 986 864 e
1001 795 1228 888 Xenophonte
1244 810 1281 864 et
1302 794 1382 864 Pla-

298 922 377 976 tone
412 905 512 973 etiam
548 901 614 970 hoc
642 915 793 996 tempore
821 914 985 995 apparet,
1011 887 1276 993 χαριοντίζεσθαν,
1308 927 1381 970 non

297 1015 530 1108 γελωτοποιεῖν,
550 1005 667 1076 solent
690 1011 740 1076 Ac
762 1031 805 1075 ne
829 1007 892 1101 ipsi
913 1006 1047 1100 quidem
1066 1007 1188 1092 Siculi,
1206 1008 1249 1078 ad
1277 1009 1381 1078 sesa-

298 1121 434 1188 vitatem
457 1115 542 1201 nati,
568 1114 682 1206 etqui
706 1114 806 1208 primi
827 1115 978 1182 omnium
1001 1113 1183 1184 Comoediae
1208 1129 1382 1210 putantur

296 1228 505 1308 inventores,
518 1219 617 1288 alium
638 1218 725 1289 illius
746 1219 868 1307 linem,
884 1244 985 1313 quam
1006 1221 1044 1288 τὸ
1064 1224 1231 1313 χρήσιμον,
1251 1221 1287 1290 id
1311 1236 1381 1296 est.

297 1330 473 1400 utilitatem
495 1341 688 1422 posuerunt.
709 1327 762 1395 De
783 1325 988 1421 Epicharmo
1004 1326 1227 1398 Theocritus:

417 1501 502 1556 notat
510 1500 558 1571 γὰρ
573 1497 670 1553 ποττὰν
683 1497 747 1560 taba
760 1503 809 1560 τοῖς
822 1493 974 1552 ceratitim
988 1499 1114 1570 χρήσιμα·

577 1597 687 1666 Moscha
696 1597 767 1666 χάρις
781 1597 858 1666 αὐτῷ.

299 1753 340 1822 ld
365 1753 442 1847 quia
469 1749 624 1818 secusia
653 1744 828 1816 Comoedia
850 1746 1015 1842 Antiqua,
1039 1750 1149 1819 statim
1177 1749 1319 1838 delecit3
1346 1751 1378 1816 in

301 1884 367 1954 qua
393 1857 522 1942 omnia,
544 1877 564 1922 a
588 1853 728 1922 veritate
747 1867 782 1920 et
804 1853 1044 1923 consuetudine
1073 1853 1196 1944 aliena,
1220 1857 1288 1926 hoc
1310 1870 1379 1940 est,

301 1989 380 2034 vere
395 1968 517 2060 γελοῖα,
531 1975 566 2030 et
580 1959 623 2028 ad
640 1959 744 2028 risum
762 1972 859 2027 erant
873 1975 1076 2054 comparata.
1087 1962 1172 2051 Quis
1187 1987 1256 2032 non
1272 1963 1377 2042 ridet,

300 2096 405 2168 quum
424 2066 614 2162 exemplum
631 2066 725 2150 vitae,
745 2078 840 2159 pater
863 2068 1012 2160 omniurn
1034 2069 1216 2156 virtutum,
1231 2071 1303 2164 ipsa
1325 2071 1378 2136 in·

302 2177 474 2263 nocentia,
491 2172 661 2270 probitas,
675 2195 715 2241 ac
735 2172 857 2256 virtus,
876 2171 1031 2242 Socrates
1046 2173 1196 2244 ridetur?
1215 2201 1322 2271 quum
1345 2177 1378 2242 in

303 2284 405 2356 corbe
423 2281 633 2352 festivissime
650 2275 927 2371 philosophatur?
939 2303 1061 2374 quum
1074 2282 1263 2377 quotpedes
1277 2280 1377 2378 pulex

306 2390 416 2478 saliat,
436 2385 601 2458 subtiliter
628 2407 668 2452 ac
692 2385 894 2477 geometrice
920 2385 1077 2456 metitur?
1100 2387 1261 2482 Pleraque
1289 2391 1377 2458 enim

304 2497 387 2567 salsa
401 2494 443 2563 de
454 2491 624 2562 sententiis
635 2487 911 2584 opinionibusque
924 2507 1076 2562 veterum
1085 2493 1377 2590 Philosophorum,

306 2617 340 2673 et
357 2601 400 2670 ad
414 2601 518 2668 usum
532 2597 621 2666 facta
637 2609 697 2664 aut
709 2595 896 2690 excogitata
912 2613 1005 2684 sunt,
1019 2625 1092 2692 quae
1106 2603 1273 2696 precipue
1288 2602 1378 2670 hunc

307 2710 452 2780 excitare
472 2701 589 2774 solent.
602 2701 685 2771 Ideo
703 2726 766 2771 uec
782 2727 899 2772 omnes
913 2703 1040 2792 Plauti,
1059 2720 1185 2776 tantam
1206 2709 1376 2776 materiem

305 2811 451 2891 ridendi,
470 2822 629 2904 quantam
647 2808 838 2903 unaquaevis
861 2834 902 2879 ex
921 2813 1205 2906 Aristophauicis,
1223 2812 1377 2908 suppedi-

307 2936 367 2992 tat.
394 2915 500 2987 Alteri
527 2916 616 2986 enim
643 2917 770 3004 omnia,
788 2914 883 2985 alteri
904 2941 1010 3012 pauca
1033 2943 1094 3013 per
1114 2916 1203 3014 leges
1224 2918 1376 2990 licebant.

308 3031 496 3108 Caeterum,
527 3036 568 3091 ut
596 3021 698 3092 modo
731 3021 943 3113 dicebamus,
970 3024 1129 3119 quidquid
1160 3028 1304 3096 maxime
1337 3025 1377 3092 ab

308 3132 427 3230 agendi
449 3127 688 3200 consuetudine
709 3143 768 3197 aut
777 3129 915 3200 ,dicendi
936 3128 1079 3200 alienum
1098 3146 1167 3218 est,
1182 3133 1288 3202 risum
1306 3155 1376 3200 ma·

308 3244 396 3312 xime
417 3261 552 3307 movere
576 3234 670 3306 solet.
691 3237 734 3304 In
756 3237 947 3322 sententiis,
963 3236 1070 3331 qualis
1090 3238 1146 3308 illa
1163 3240 1294 3310 Comici
1311 3240 1376 3310 Ne·

306 3345 412 3434 bulis,

386 3486 438 3540 Kal
448 3479 487 3538 rol
497 3483 612 3555 τρότιρον
625 3483 667 3534 τὸν
679 3483 707 3534 Δί
721 3482 816 3544 elatee
829 3485 897 3554 ᾤμην
911 3479 958 3536 διὰ
970 3486 1082 3538 maim
1094 3487 1179 3557 οὐρεῖν.

308 3635 348 3699 ln
361 3626 488 3710 verbis,
501 3638 539 3694 ut
552 3647 657 3719 quum
673 3621 899 3692 feracissimus
914 3648 1029 3696 servus
1045 3628 1270 3707 κλεπτίστατος
1284 3653 1305 3697 a
1319 3627 1376 3696 do·

308 3738 399 3806 mino
408 3732 621 3826 vocatur,qui
632 3727 767 3798 laudare
781 3731 1039 3804 taciturnitatem
1051 3735 1086 3805 in
1099 3735 1215 3808 eodem
1227 3734 1373 3805 videtur:

470 3899 529 3962 lta·
543 3906 568 3958 οὔ
584 3925 612 3960 οι
624 3905 722 3976 κρύψον·
735 3911 785 3958 τῶν
801 3907 867 3976 ὖμῦν
880 3906 927 3978 γὰρ
939 3909 1039 3963 siurim

467 4003 624 4056 Πνοτότοιτον
638 4002 747 4072 ἡγοῦμαί
758 4021 787 4055 τι
798 4001 842 4058 sai
856 4005 1050 4062 staminum.
