2986 4858
136 372 210 442 280
372 373 545 444 PUBLII
572 377 817 446 TERENTII
846 379 964 444 AFRI

131 509 273 602 Propter
287 532 340 576 me
352 508 444 578 hisce
458 507 579 604 aliquid
594 525 791 580 eventurum
807 508 896 578 mali.

131 613 221 682 Nam
236 613 305 706 jam
324 614 379 683 diu
400 614 542 710 aliquam
564 641 699 687 eausam
719 617 887 712 quaerebat
904 641 1024 702 senex,
1122 639 1127 649 “

133 719 359 808 Quamobrem
373 723 500 816 insigne
515 722 637 818 aliquid
654 724 778 794 faceret
791 724 846 812 iis;
861 748 951 792 nunc
965 725 1122 818 repperit.
1153 761 1206 786 m·

385 985 601 1076 SCENA
634 989 956 1075 SEPTIMA.

434 1236 633 1303 PYTHms.
663 1236 895 1304 PARMENO.

184 1483 292 1554 Prrrr.
311 1483 492 1577 Nunquam
512 1482 638 1578 aedepol
656 1484 835 1580 quidquam
850 1485 918 1577 jam
935 1483 1007 1570 diu,
1025 1484 1114 1579 quod
1140 1509 1207 1553 ma·

290 1589 340 1683 gis
360 1588 479 1658 vellem
501 1592 650 1677 evenire,

130 1696 216 1766 Mihi
237 1697 364 1779 evenit,
385 1720 485 1790 quam
507 1696 718 1791 quodmodo
739 1722 839 1766 senex
861 1697 949 1765 intro
970 1696 1013 1766 ad
1032 1722 1093 1768 nos
1110 1699 1204 1767 venit

290 1826 413 1872 errans.

131 1909 217 1978 Mihi
235 1907 313 1978 solae
331 1908 471 1979 ridiculo
493 1908 573 1996 suit,
587 1935 677 2004 quae,
696 1910 775 2005 quid
796 1912 944 1995 timeret,
963 1909 1117 1979 sciebam.

130 2018 248 2085 Puram.
269 2015 360 2103 Quid
378 2016 444 2084 hoc
466 2031 576 2085 autem
600 2015 668 2086 est?
688 2019 799 2088 Prnn.
822 2019 922 2087 Nunc
947 2016 980 2084 id
1001 2016 1144 2116 prodeo,
1165 2031 1227 2085 ut.

261 2141 263 2148 ’
289 2123 484 2192 conveniam
500 2124 752 2193 Parmenonem.

175 2369 239 2439 998.
251 2370 408 2422 Eventurum.
420 2370 509 2422 Antea.
525 2371 554 2423 Z.
564 2370 646 2442 Volp.
689 2391 773 2424 errans
782 2372 897 2435 treuvia,
911 2369 956 2425 sed
964 2370 1054 2424 animo
1065 2382 1091 2424 et
1100 2369 1206 2441 opinio-

135 2469 185 2502 εισι
195 2461 339 2504 eventurum.
350 2449 438 2502 Marlt.
447 2451 648 2503 ventumuu.Dis·
690 2471 733 2504 ne.
749 2452 816 2505 Dum
833 2480 875 2492 —
885 2451 955 2504 Vera
967 2451 1038 2503 enim
1053 2467 1107 2502 esse
1119 2447 1206 2502 credit

134 2527 211 2600 ponit
224 2527 403 2580 Bothius:Me
417 2541 498 2599 propt.
516 2531 574 2603 aliq.
586 2530 648 2584 bisce
690 2549 749 2601 qum
771 2531 943 2584 commentitii
967 2542 1006 2584 est
1028 2528 1135 2600 Pythias
1154 2547 1206 2601 per

134 2621 209 2661 cuent.
218 2607 431 2676 muli-Propter
441 2609 648 2670 me,Perme.-
689 2610 893 2664 Parmenonem.
907 2609 976 2662 Perl-

134 2687 217 2742 Huce.
231 2687 427 2741 Meretricibus.
439 2688 474 2742 Et
487 2707 517 2742 ea
530 2689 648 2760 indigne·
733 2689 816 2744 roob.
830 2689 948 2743 Sciebam.
962 2689 1038 2742 Bent.
1052 2687 1203 2760 Bthtou.

133 2767 208 2820 tione
228 2768 415 2838 complectitur
429 2767 576 2836 Thaidem,
591 2770 647 2840 Py·
689 2767 792 2824 Scibam.
801 2771 922 2824 —Solm
932 2769 1097 2840 Regulariter
1106 2769 1153 2820 suli
1162 2767 1205 2820 di·

134 2843 254 2899 thiodem
263 2860 290 2900 et
301 2848 473 2920 Pamphilam.
690 2850 773 2903 citur:
785 2848 912 2903 Solanon
923 2861 1007 2913 reete,
1019 2847 1065 2902 sed
1079 2849 1205 2918 antique,

176 2945 244 2997 999.
256 2927 381 2995 Iamdiu,
400 2943 450 2983 ete.
465 2929 578 2982 Infestus
590 2948 647 2982 me·
689 2942 719 2982 ut
729 2930 809 2996 alibi,
821 2930 964 2984 Heautont.
974 2944 1027 3000 ²7¹
1039 2947 1046 2981 :
1057 2956 1069 2977 ι
1077 2929 1136 2981 Hoc
1149 2927 1205 2999 ipsa

133 3008 240 3072 remini,
258 3023 368 3082 propter
386 3023 541 3081 corruptum
564 3010 597 3062 ab
616 3029 647 3065 ea
688 3009 716 3062 in
732 3009 825 3080 itinere
835 3010 919 3061 ulteroe
938 3011 1010 3062 Dum
1022 3020 1123 3074 narrat,
1136 3009 1205 3061 forte

135 3084 295 3141 Phndrinm.
689 3086 788 3143 rudivi.
803 3114 814 3135 ι
826 3121 856 3134 -
869 3091 942 3160 Quoe,
954 3088 1014 3160 qaid
1027 3092 1077 3143 tim.
1093 3087 1204 3140 sciebam.

178 3185 258 3223 rooo.
275 3169 381 3242 Aliquid
390 3170 485 3236 munt
504 3173 541 3222 iis.
557 3168 600 3222 Sic
615 3171 645 3222 Z.
690 3169 796 3223 Sciebat
810 3169 913 3223 seilicet
933 3168 1043 3242 Pythias
1061 3167 1130 3220 nihil
1150 3183 1205 3220 eree

133 3248 215 3302 Both.
225 3248 294 3301 Perl.
306 3250 357 3303 Det
368 3249 449 3320 Valp.
461 3249 506 3303 bis.
519 3249 571 3301 Alii
582 3249 646 3302 seri·
688 3247 762 3321 qnod
776 3249 924 3302 timendum
934 3248 1168 3316 haberetLaehee3
1178 3257 1205 3300 et

135 3329 204 3382 hunt
220 3333 253 3394 ts,
275 3341 301 3382 et
316 3333 431 3400 jungunt
444 3347 507 3382 cum
523 3334 646 3400 repperit:
688 3328 750 3382 ideo
772 3329 842 3383 senis
857 3330 938 3382 timor
955 3328 1057 3383 ancittae
1076 3326 1205 3381 ridiculus

129 3403 275 3477 suceretfjis
288 3427 350 3460 aune
369 3413 480 3480 repperit.
489 3440 528 3452 -
537 3411 590 3463 Pro
603 3411 646 3463 Iu·
689 3421 754 3463 erat.

135 3493 204 3560 aigne
214 3490 301 3542 Bentl.
314 3487 411 3542 indicat
422 3489 474 3564 legi
486 3507 561 3564 posse
572 3509 645 3562 agre.
733 3494 816 3553 1004.
830 3489 865 3542 la
879 3489 978 3560 prudeo·
1003 3488 1063 3542 MS.
1083 3487 1156 3558 Lips.
1178 3484 1207 3536 id

136 3570 283 3638 -Imsigue
297 3570 394 3641 aliquid
399 3571 494 3636 fuceret
503 3573 546 3636 iis,
556 3589 590 3623 se.
604 3589 646 3642 ge-
688 3589 754 3624 emo.
770 3569 814 3623 W
811 3570 966 3622 est—Pan.
984 3568 1055 3639 Quid
1068 3568 1111 3618 boe
1125 3577 1204 3618 autem

127 3667 186 3701 ‘nus
206 3647 439 3702 animadversionis
449 3649 646 3721 gravissimum,
688 3663 738 3714 est,
754 3651 864 3721 supple,
879 3650 945 3722 quud
964 3650 1070 3721 loquitur
1087 3645 1205 3719 Pythias.

136 3741 163 3782 et
177 3729 302 3782 notabile.
688 3761 729 3773 -
739 3743 826 3782 autem.
847 3731 961 3784 Miratur
975 3730 1118 3792 Parmeno,
1131 3723 1205 3797 quod

178 3825 258 3862 roos.
277 3811 357 3879 Quum
372 3809 437 3882 quod
449 3809 518 3864 modo
530 3814 643 3861 seuam-
690 3811 716 3862 in
734 3811 792 3875 tali,
814 3823 843 3864 ut
859 3823 947 3882 putat,
967 3810 1026 3862 heri
1041 3806 1205 3870 infortunio,

136 3901 183 3943 tro.
199 3889 277 3942 Both.
294 3891 429 3961 Quumsea.
446 3891 511 3964 quod
518 3894 563 3944 lut.
577 3890 613 3942 ud
621 3909 645 3944 u.
689 3890 798 3962 Pythias
812 3889 909 3955 rideam
923 3903 1045 3944 etseeum
1058 3887 1116 3940 hren
1124 3884 1205 3950 dicit,

135 3971 213 4024 modo.
228 3969 369 4024 Maximam
382 3970 579 4025 distinctionem
600 3969 646 4024 dat
688 3969 861 4024 nonvidente
871 3973 957 4043 ipsum
969 3965 1205 4035 ancillae-ldmo-

132 4051 245 4123 Bmpoet
253 4051 476 4106 modo-Erraus.
487 4051 547 4104 Non
556 4070 644 4122 gressu
689 4052 742 4118 deo,
754 4052 790 4105 ob
797 4049 835 4104 id.
