3000 4866
302 451 372 500 m
656 402 725 492 nn
751 421 1005 490 austrae.

351 558 493 654 Epitasis
514 556 755 625 incrementum
777 567 848 639 est,
868 575 1107 648 processusque
1126 551 1321 640 turbarum,
1335 569 1364 622 et

301 664 463 736 involutio
482 662 690 758 argumenti,
708 661 802 754 eujus
820 658 983 754 elegantia
1002 658 1220 728 connectitur.

353 795 572 890 catastrophe
592 808 642 864 est
666 791 841 888 explicatio
858 788 1009 879 Fabulae,
1026 815 1087 886 per
1108 814 1208 886 quam
1229 808 1365 862 eventus

301 904 371 1000 ejus
387 903 571 999 explicatur
588 914 688 996 atquo
708 897 926 994 approbatur.

345 1199 410 1267 DE
435 1195 675 1266 LUDORUM
697 1191 1013 1284 ANTIQUORUM
1039 1189 1310 1262 GENERIBUS.

349 1465 497 1550 Ventm,
514 1475 551 1532 nt
566 1461 675 1531 omnis
693 1455 942 1531 Comoediaruni
960 1457 1045 1526 ratio
1063 1455 1190 1528 facilius
1209 1456 1365 1554 intelliga-

299 1585 373 1655 tur,
391 1582 491 1664 atque
514 1566 598 1638 adeo
616 1591 668 1655 ea,
686 1591 759 1664 quae
777 1589 911 1634 omnem
930 1561 1179 1634 Comoediarnm
1201 1565 1365 1635 actionem

297 1689 470 1771 spectant,
487 1670 726 1749 attendendum
748 1687 799 1742 est
818 1672 979 1766 primum,
997 1669 1130 1765 quando
1149 1670 1285 1758 fierent,
1299 1697 1368 1767 quo

299 1780 397 1868 loco,
418 1795 452 1851 et
472 1805 536 1876 qua
551 1778 669 1849 forma.
691 1780 766 1848 Hoc
786 1791 896 1847 autem
914 1791 986 1846 tum
1002 1776 1137 1846 demum
1153 1775 1259 1847 lector
1274 1777 1368 1847 intel·

298 1885 392 1982 liget,
408 1911 511 1982 quum
527 1887 732 1982 pernoverit,
747 1883 826 1979 quid
841 1882 966 1953 fuerint
989 1881 1079 1978 apud
1099 1883 1250 1978 antiquos
1261 1884 1371 1972 Ludi,

297 1993 460 2081 Theatra,
478 1995 599 2080 Actus,
617 1995 751 2076 Scenae,
771 2004 806 2060 et
823 1989 1015 2084 hujusmodi
1035 2003 1162 2060 caetera.

353 2101 460 2172 Vetus
476 2101 586 2195 itaque
604 2097 794 2182 Comoedia,
808 2097 887 2166 item
902 2097 1001 2166 etiam
1017 2095 1206 2190 Tragoedia,
1223 2097 1370 2192 primum

299 2208 353 2302 agi
371 2205 497 2277 solebat
508 2230 528 2275 a
540 2208 677 2289 Graecis,
691 2207 727 2273 in
744 2205 825 2272 vicis
844 2218 877 2273 et
894 2203 996 2297 pratis
1013 2199 1178 2286 mollibus,
1195 2202 1371 2298 adscriptis

303 2327 338 2383 et
361 2313 538 2408 propositis
564 2311 726 2408 praemiis,
750 2309 869 2404 quibus
895 2308 1170 2378 adscribendum
1196 2323 1370 2405 poetarum

300 2431 564 2516 provocarentur
581 2417 732 2511 ingenia:
753 2415 921 2484 actoribus
938 2439 1071 2510 quoque
1093 2440 1231 2485 munera
1249 2415 1370 2486 offere-

299 2525 439 2608 bantur,
465 2547 630 2618 caperque
658 2523 747 2592 dono
781 2521 941 2601 dabatur,
968 2535 1005 2589 ut
1036 2520 1191 2590 libentius
1217 2523 1372 2616 jucundo

297 2632 390 2700 vocis
409 2629 500 2699 ssexu
519 2628 562 2698 ad
579 2627 793 2702 dulcedinum
812 2627 1107 2702 commentationes
1121 2627 1282 2723 populum
1298 2628 1369 2698 alli·

301 2751 427 2806 serent·

351 2868 545 2964 Agebantur
563 2866 743 2939 comoediae
762 2882 796 2940 et
809 2867 994 2962 Tragoedia
1015 2867 1106 2964 apud
1128 2871 1374 2941 vetustissimos

300 2976 506 3051 inhonorem
519 2975 631 3045 Liberi
640 2975 751 3070 patris.
764 2978 803 3042 ln
815 2973 911 3068 ltalia
925 2975 1070 3068 primum
1085 2989 1167 3044 actae
1182 2990 1259 3046 sunt
1272 2980 1375 3047 Com·

300 3081 632 3177 pitalitiisLndicris,
649 3080 797 3151 admixto
815 3081 1094 3176 pronuntiationis
1112 3080 1266 3166 modulo,
1284 3108 1374 3178 quo,

298 3189 379 3258 dum
397 3201 491 3258 actus
510 3187 819 3274 commutabantur,
837 3184 980 3286 populus
994 3185 1208 3256 detineretur.
1226 3191 1374 3284 Compi-

299 3294 392 3372 talitii
411 3307 523 3364 autem
543 3293 630 3364 Ludi
650 3292 746 3382 dicti,
761 3294 819 3387 qui
841 3317 902 3386 per
918 3295 1064 3387 compita
1081 3293 1222 3384 fiebant3
1240 3319 1374 3366 scenae-

298 3427 364 3496 que
380 3400 520 3472 ductiles
536 3400 570 3469 in
588 3397 744 3496 plaustris
762 3399 806 3469 ob
825 3396 859 3468 id
875 3401 1017 3494 antiquis
1030 3401 1233 3494 excogitatae.
1249 3403 1376 3472 Postea

170 3565 174 3577 .
298 3531 379 3578 vero
402 3507 548 3595 factum,
567 3520 607 3576 ut
627 3504 730 3576 Ludis
751 3503 893 3600 publicis
915 3520 949 3575 et
969 3507 1005 3576 in
1025 3505 1170 3577 Tlreatro
1190 3523 1376 3602 agerentur

298 3613 406 3684 Novae
423 3612 604 3685 Comoediae
625 3611 715 3707 apud
737 3613 919 3683 Romanos.

231 3806 234 3816 .
348 3744 462 3816 Ludos
482 3746 648 3824 vocabant
669 3744 801 3841 publica
823 3742 1030 3839 spectacula,
1050 3769 1123 3838 quae
1138 3759 1208 3815 tum
1232 3747 1266 3814 in
1289 3772 1376 3842 gra-

295 3859 374 3928 tiam
396 3851 511 3948 populi
528 3851 601 3921 li'eri
619 3849 763 3923 solerent
779 3876 799 3919 a
818 3865 952 3932 senatu,
967 3866 1002 3920 et
1017 3874 1037 3918 a
1051 3851 1256 3947 principibus
1274 3854 1375 3924 insti-

294 3965 359 4048 tui,
378 3957 430 4028 vel
452 3957 496 4026 ad
522 3956 670 4028 favorem
699 3955 814 4053 populi
838 3955 1080 4026 conciliandum
1104 3951 1118 4044 (
1126 3971 1162 4026 ut
1184 3959 1377 4046 nonnullos

296 4072 442 4144 Cesarea
463 4063 576 4139 secisse
593 4054 772 4165 legimns),
787 4061 840 4134 vel
862 4063 904 4134 ad
923 4064 1110 4134 animorum
1130 4061 1381 4142 relaxationem.
