2926 4858
197 431 224 500 A
246 429 485 500 TERENTIO
504 431 673 501 LATINE
689 427 1041 502 INTERPRETATA.
1081 455 1183 502 cxxxr

110 549 262 659 Ἐρυθραῖον
276 567 339 642 πᾶς
352 565 487 658 χρηστὸς
501 558 578 632 εἶναί
588 587 643 657 μοι
656 555 753 632 δοκεῖ.

111 672 175 760 Qui
191 670 348 754 embuit,
368 695 441 740 esse
458 669 539 739 mihi
557 670 690 740 videtur
707 670 892 741 virbonus.

111 776 193 846 Ibid.
218 766 286 871 (vs.
303 773 400 872 676,
417 773 480 872 sq.)
506 778 587 846 «An
605 775 720 847 sedere
735 778 884 873 oportuit
903 777 1005 848 Domi
1019 779 1184 874 virginem

159 898 231 954 tam
249 881 460 980 grandemi»
478 881 682 952 Menander:

111 991 257 1086 θυγάτηρ
275 987 443 1085 ἐπίγαμος,
460 983 515 1056 κᾶν
531 991 610 1068 ὅλως
626 979 722 1083 μηδὲν
739 995 837 1084 λαλῇ,

46 1161 50 1174 ,
112 1095 169 1162 Διὰ
187 1106 249 1164 τοῦ
268 1100 387 1185 σιωπᾷν
407 1095 476 1190 περὶ
493 1099 591 1175 αὐτῆς
606 1096 701 1191 λέγω.

110 1201 188 1270 Filia
206 1199 346 1290 nubilis,
361 1202 422 1272 etsi
440 1200 539 1297 plane
558 1200 641 1271 nihil
659 1199 832 1296 loquatur,

110 1310 187 1402 Ipso
205 1321 322 1377 tamen
339 1305 469 1377 silentio
486 1304 669 1403 plurimum
684 1307 726 1376 de
743 1332 777 1377 se
793 1307 960 1404 praedicat.

109 1413 156 1482 lb.
164 1402 230 1508 (vs.
239 1401 513 1509 695.)nMenses
524 1414 677 1484 abierunt
689 1413 840 1486 decem.»
851 1411 1187 1484 MenanderPlautio:

111 1522 187 1595 Γυνὴ
203 1521 270 1588 κύω
286 1511 472 1613 δεκάμηνος.

109 1625 249 1713 Mulier,
262 1640 443 1722 postquam
465 1627 643 1721 concepit,
661 1646 809 1696 mensem
827 1627 896 1722 agit
913 1625 1091 1699 decimum.

112 1732 159 1800 lb.
172 1723 239 1822 (vs.
252 1722 384 1830 697.)«
396 1733 588 1802 Dormienti
605 1732 819 1804 confecturos
835 1735 963 1804 Deos.»
981 1732 1189 1803 Menander:

114 1839 292 1928 Δῦτίματα
312 1834 372 1934 γὰρ
389 1835 432 1906 τὰ
449 1841 611 1935 πράγματ’
629 1838 679 1908 ἐπὶ
699 1841 737 1908 πὸ
755 1842 906 1934 συμφέρον

110 1929 178 2030 Ῥεῖ,
197 1939 255 2013 κᾶν
280 1935 473 2040 ααθοοδοίοῃ,
487 1945 581 2014 πάλιν
599 1941 762 2014 τάναντία.

113 2051 234 2147 Sponte
251 2075 314 2122 sua
334 2074 412 2121 nam
431 2076 484 2121 res
502 2050 546 2120 ad
567 2075 665 2122 usum
684 2066 843 2140 manant3
862 2051 921 2122 sed
945 2065 996 2142 et,
1013 2049 1093 2121 dum
1113 2050 1188 2146 quis

160 2157 307 2242 dormit,
327 2181 461 2227 rursum
486 2157 670 2228 contrariae.

389 2307 904 2413 MQOfflMM

122 2479 344 2550 «Communia
361 2501 432 2548 esre
452 2478 637 2548 amicorum
659 2480 748 2548 inter
768 2503 804 2550 se
823 2479 946 2550 omnia.
961 2507 979 2545 ο
996 2478 1183 2550 Menander

163 2586 197 2654 in
212 2583 395 2681 Adelphis,
412 2586 553 2654 Erasmo
571 2586 717 2656 citante:

120 2689 162 2759 Τὰ
178 2699 239 2760 τῶν
259 2692 355 2785 φίλων
375 2692 462 2777 κοίν’,
477 2693 512 2759 οὐ
533 2691 623 2784 μόνον
642 2690 684 2759 τὰ
706 2693 872 2786 χρήματα,

123 2797 176 2866 Καὶ
191 2807 243 2867 νοῦ
262 2789 298 2866 δὲ
317 2797 369 2866 καὶ
391 2799 561 2891 φρονήσεως
579 2797 730 2866 κοινωνία.

123 2903 308 2976 Communia
323 2903 449 2973 amicos
468 2903 573 2991 inter,
589 2927 658 2973 non
677 2902 827 2998 pecuniae

124 3008 270 3098 Tantum,
288 3009 347 3080 sed
366 3024 401 3080 et
418 3032 513 3080 mens
535 3009 660 3104 pariter
678 3023 711 3078 et
730 3007 916 3105 prudentia.

392 3150 890 3260 mewmQM

129 3323 232 3392 «Duxi
246 3340 427 3392 uxoremst
451 3325 527 3392 Huc
547 3336 675 3416 spectat
694 3319 774 3390 illud
792 3322 970 3391 Menandri
992 3319 1081 3418 apud
1097 3323 1176 3391 Sto-

168 3427 293 3500 haeum:

127 3534 165 3600 Τὸ
179 3537 290 3630 γυναῖκ’
304 3535 403 3627 ἔχειν,
416 3529 493 3602 εἶναί
505 3559 540 3603 τι
554 3526 691 3621 παίδων,
708 3532 895 3628 Παρμένων,

128 3639 254 3734 Πατέρα,
272 3641 419 3736 μερίμνας
439 3652 485 3730 τῷ
508 3639 565 3727 βίῳ
579 3636 696 3719 πολλαὶς
714 3641 806 3734 piper.

129 3744 258 3817 Uxorem
276 3739 421 3833 habere,
441 3744 641 3830 liberorum,
658 3747 851 3832 Par-menos

130 3849 241 3923 Patrem
261 3878 355 3942 esse,
377 3877 477 3924 curae
496 3851 617 3923 multas
637 3853 672 3920 in
692 3853 796 3921 vitam
815 3849 953 3920 invehit.
968 3851 1037 3920 Et:

131 3955 168 4023 Τὸ
185 3960 315 4054 γενέσθαι
332 3962 458 4054 πατέρα
478 3951 613 4043 παίδων,
629 3955 665 4032 ἦν
682 3960 783 4044 λύπη,
796 3951 907 4048 ρόὸος,

131 4059 250 4154 Φροντίς.

998 4195 1024 4264 il
