3052 4864
516 379 579 446 DE
606 379 846 448 'l'ERENTlQ
1157 403 1216 450 cur

586 591 636 656 Et
657 587 773 681 urfica:

196 779 303 850 lidern
326 794 359 849 et
381 778 539 848 Andriam
562 791 597 848 et
617 779 853 876 Synephebos,
877 803 939 850 nec
959 766 1213 852 minus‘Teren-

137 888 229 956 tium
249 901 283 956 et
305 883 496 974 Caecilium,
519 910 619 980 quam
646 887 871 956 Menandrum
891 884 1013 982 legunt.
1038 888 1140 978 Quod
1164 903 1214 959 est

138 995 245 1088 igitur
263 1017 379 1063 eorum
402 995 437 1062 in
457 993 661 1064 orationibus
684 1018 702 1064 c
721 997 841 1066 Graeco
853 995 1020 1064 conversis
1030 994 1215 1084 fastidium,

138 1099 275 1170 nullum
292 1125 396 1196 quum
417 1102 459 1171 sit
473 1102 507 1170 in
525 1097 698 1172 versibus?

391 1311 463 1382 Lib.
481 1315 572 1397 VII,
591 1314 704 1408 Eptsr.
727 1309 768 1397 3,
789 1311 842 1382 ad
857 1314 967 1384 Attio.

199 1508 340 1578 Secutus
353 1531 445 1596 sum,
464 1529 533 1578 non
550 1507 627 1578 dico
644 1504 832 1596 cecilium,
843 1509 946 1578 Mane
962 1523 1001 1578 ut
1014 1532 1054 1578 ex
1066 1521 1167 1602 portu
1180 1510 1214 1578 in

139 1615 306 1684 Piraeeum
326 1603 457 1706 (malus
475 1616 562 1686 enirn
582 1628 700 1685 auctor
721 1612 890 1686 latinitatis
911 1603 993 1708 est),
1016 1613 1074 1685 sed
1092 1618 1217 1685 Teren·

139 1722 248 1808 tium,
266 1719 361 1815 cujus
376 1719 532 1810 Fabellae,
554 1735 692 1818 propter
712 1717 910 1816 elegantium
932 1722 1092 1793 sermonis
1114 1737 1214 1817 puta·

139 1827 268 1897 bantur
285 1851 305 1896 a
327 1830 366 1898 C.
385 1827 489 1899 Laelio
507 1828 626 1898 scribi:
641 1829 722 1898 Heri
746 1825 873 1924 aliquot
890 1827 1127 1899 adolescentuli
1146 1831 1215 1898 eoi·

139 1959 220 2005 mus
235 1935 271 2003 in
287 1935 437 2006 Piraeurn.

588 2063 631 2128 In
654 2059 772 2130 Loelio.

197 2254 238 2321 ln
254 2251 380 2323 Andria
394 2251 563 2356 familiaris
585 2277 680 2323 meus
697 2247 872 2324 Terentius
892 2251 992 2324 dixit.
1012 2301 1019 2318 .
1038 2300 1046 2317 .
1062 2266 1143 2321 .etc.

588 2464 771 2532 Etmox:

196 2658 237 2725 In
252 2654 430 2750 obsequio,
448 2655 606 2750 quoniam
619 2655 820 2725 Terentiano
834 2654 939 2725 verbo
961 2654 1103 2728 libenter
1120 2670 1217 2745 utor,

138 2763 284 2834 comitas
299 2760 393 2832 adsit.

347 2974 536 3058 Horatius,
561 2970 618 3041 lib.
638 2973 693 3058 H,
722 2972 834 3070 Epist.
853 2971 906 3042 ad
922 2975 1015 3068 Aug.
1096 3061 1099 3068 ⁴

223 3153 338 3214 Dicitur
350 3152 454 3214 Afrani
469 3165 536 3231 toga
551 3150 719 3212 marcuisse
740 3151 924 3212 Menandro:

222 3253 343 3312 Plautus
355 3250 393 3312 ad
408 3251 558 3330 exemplar
571 3250 662 3311 Siculi
678 3269 838 3328 properare
852 3250 1038 3331 Epicharmi:

223 3348 347 3408 Vincere
362 3347 493 3408 cecilius
507 3347 662 3426 gravitate,
677 3347 831 3408 Terentius
843 3361 915 3408 arte.

224 3449 286 3506 Hos
299 3445 415 3514 ediscit,
432 3457 461 3504 et
475 3444 529 3504 hos
543 3456 623 3504 arcto
637 3444 742 3524 stipata
756 3443 871 3505 theatro

224 3547 343 3623 Spectat
357 3549 452 3604 Roma
471 3543 617 3620 frequens.

298 3737 452 3825 Ovidius,
477 3737 536 3808 lib.
556 3741 602 3807 II
621 3739 800 3824 uocum,
821 3759 889 3806 oss.
914 3731 1069 3832 357·6Q.

204 3921 266 3978 Nee
276 3915 349 3975 liber
362 3916 503 3976 indicium
517 3928 561 3975 est
576 3915 680 3988 animi3
701 3914 752 3975 sed
766 3914 890 3974 honesta
906 3916 1041 3979 voluutas

247 4015 376 4074 Plurima
392 4014 554 4075 mulcendis
569 4013 689 4074 auribus
703 4027 772 4096 apte
783 4011 883 4073 refert.

937 4120 1066 4200 .k⁴
