3014 4860
419 368 605 438 assur.
634 368 742 438 scr.
771 371 816 457 v,
842 371 911 440 sc.
941 371 1016 439 111.
1174 365 1245 456 451

182 506 232 578 Ne
247 519 281 576 te
298 501 453 574 admisce.
467 499 577 572 Nemo
593 516 745 588 accusat,
757 503 855 597 Syre,
867 517 916 590 te3
934 527 997 574 nec
1014 517 1052 572 tu
1067 527 1159 572 aram
1174 504 1250 587 tibi,

180 612 252 682 Nec
273 621 482 707 precatorem
503 604 646 702 pararis!
670 611 750 680 Srn.
770 609 862 698 Quid
880 607 975 706 agis?
990 613 1080 682 Cun.
1100 608 1157 681 Nil
1176 633 1250 680 suc-

339 739 474 800 censeo,

182 827 254 895 Nec
271 825 350 912 tibi,
368 846 430 892 nec
448 822 524 909 tibi;
539 847 602 891 nec
617 846 678 890 vos
697 837 748 890 est
764 846 915 917 aequum,
932 823 1022 918 quod
1041 823 1143 910 facio,
1159 824 1251 893 mihi.

472 1049 679 1139 SCENA
712 1051 961 1138 TERTIA.

518 1193 922 1333 srnusscmrmno

187 1487 191 1494 ’
241 1471 322 1540 Srn.
354 1462 463 1536 Abiit?
489 1464 561 1552 Ah,
589 1475 723 1559 rogasse
753 1461 881 1534 vellem.
910 1467 1010 1536 Com.
1038 1465 1152 1554 Quid?
1174 1469 1256 1540 Srn.

345 1570 445 1641 Unde
463 1572 509 1638 mi
528 1585 676 1665 peterem
699 1570 823 1640 cibum.
1219 1603 1259 1654 „so

189 1687 239 1752 lta
262 1705 323 1750 nos
344 1677 553 1750 abalienavit.
566 1678 642 1748 Tibi
656 1677 724 1772 jam
744 1699 815 1748 essc
831 1675 874 1746 ad
894 1701 1043 1748 sororem
1060 1677 1218 1775 intelligo.

189 1791 287 1859 Cur.
315 1782 442 1856 Adeon’
467 1809 538 1853 rem
564 1783 716 1872 rediisse,
745 1797 783 1853 ut
811 1781 971 1878 periclum
1000 1786 1100 1856 etiam
1124 1811 1145 1856 a
1171 1786 1259 1859 fame

348 1892 430 1962 mihi
449 1893 507 1979 sit,
526 1892 619 1985 Syre.

188 2004 269 2071 Srn.
288 1998 393 2068 Modo
413 1997 510 2067 liceat
527 1998 656 2082 vivere,
673 2011 724 2066 est
742 2021 828 2092 spes.
849 1997 948 2066 Cirr.
968 1995 1076 2087 Quae?
1090 1999 1172 2069 Srn.
1190 1999 1261 2070 Nos

348 2104 530 2174 esurituros
551 2104 638 2174 satis.
1220 2185 1222 2192 Α

191 2217 290 2286 Cur.
316 2211 440 2282 Irrides
459 2212 493 2280 in
517 2235 552 2279 re
577 2207 825 2303 tantalNeque
845 2233 899 2277 me
921 2208 1103 2304 quidquam
1125 2211 1264 2282 consilio

350 2315 512 2413 adjuvas?

234 2537 301 2590 977.
322 2519 376 2576 Nec
390 2530 417 2570 tu
430 2537 514 2581 uram,
531 2536 574 2568 nec
586 2527 708 2587 precator.
751 2513 819 2568 Su.
834 2513 918 2578 Unde,
929 2526 980 2569 etc.
992 2516 1090 2588 Delpb.
1104 2517 1175 2588 Quid
1181 2513 1266 2590 Syre?

188 2620 246 2673 par.
261 2599 339 2653 Serri
351 2597 409 2652 duo
422 2596 558 2650 habebant
570 2595 709 2668 perfugia,
752 2626 793 2638 -
813 2595 940 2665 Begesse,
961 2596 1020 2650 sub.
1043 2615 1104 2650 eurr.
1128 2629 1169 2640 -·
1188 2599 1264 2666 Quid

193 2700 263 2734 oram
289 2679 319 2731 in
345 2676 473 2748 templis,
496 2688 523 2730 et
546 2676 710 2746 deprecatores
752 2674 818 2735 Sub.
833 2693 929 2746 rogare.

195 2758 268 2834 apud
283 2757 415 2812 dominos.
794 2757 859 2824 981.
879 2755 1043 2810 Adcls'ersavit.
1067 2754 1122 2810 Alii
1141 2758 1265 2813 uberavit.

235 2841 304 2911 978.
325 2838 437 2890 Paroa.
460 2835 514 2890 Alii
522 2839 656 2907 parareris.
670 2865 710 2876 --
753 2833 962 2890 -Abalienerit
973 2833 1131 2902 Abdicarit3
1141 2849 1266 2909 tanquam

196 2919 268 2990 Quid
274 2921 350 2989 ags'se’
363 2916 563 2988 Caritategeris
577 2933 638 2987 erga
651 2913 711 2968 mel
753 2914 854 2970 alienos
875 2914 1006 2972 tractarit.
1027 2947 1069 2960 —
1095 2917 1166 2972 Esse.
1202 2917 1270 2972 Sub.

237 3017 304 3070 979.
327 2997 379 3051 Nec
403 2996 462 3058 ribi,
489 3015 532 3048 nec
557 2995 710 3068 attttibb.
753 2998 825 3048 unde
844 3007 920 3067 petes
943 2995 994 3050 tibi
1021 2995 1120 3050 cibum.
1142 3031 1183 3041 -
1203 2998 1267 3064 Ad,
1378 3071 1383 3082 ι

196 3079 273 3133 Beut.
284 3096 327 3131 aec
341 3077 400 3141 riht,
413 3095 455 3128 nee
466 3073 529 3129 tute.
542 3073 596 3128 Sed
608 3076 712 3129 Erasm
753 3073 836 3147 apud.
1024 3131 1031 3145 Ι

197 3155 262 3213 Ped.
281 3170 309 3211 et
325 3157 371 3211 Fa.
389 3156 442 3209 Nee
459 3155 520 3220 ribi,
535 3174 578 3207 nee
591 3155 646 3208 tibt-
660 3154 712 3207 Hic
797 3155 865 3223 982.
880 3154 907 3208 A
918 3156 998 3223 sarae.
1013 3155 1097 3210 Abest
1114 3175 1147 3222 a,
1160 3156 1189 3208 iu
1207 3155 1268 3228 qni·

196 3251 287 3293 autem
294 3238 370 3292 flent.
389 3246 478 3290 notat:
488 3233 618 3288 «Videtur
624 3247 713 3288 tamen
756 3232 877 3290 busdam.
889 3263 930 3282 -
941 3235 1023 3290 Adeo.
1039 3236 1071 3288 In
1087 3253 1149 3289 eum
1161 3247 1268 3289 sutum.

198 3336 293 3374 rerum
308 3333 427 3389 :nempe
440 3314 517 3369 vultu
532 3325 559 3367 et
575 3327 644 3368 nutu
656 3313 714 3380 bae
756 3345 791 3358 -
811 3315 887 3383 Rem,
901 3315 1037 3368 fortunam
1054 3331 1149 3368 meam.

199 3411 328 3471 aguntum
336 3397 425 3470 primo
435 3395 532 3466 Syrum
540 3432 548 3460 ,
556 3392 621 3448 dein
627 3394 714 3446 filium
799 3395 865 3462 983.
883 3395 962 3466 Quas,
972 3395 1024 3448 bis.
1036 3391 1114 3447 Bodl.
1129 3388 1220 3464 Quid?
1230 3427 1270 3440 .-

198 3480 328 3533 imuetur.
339 3502 350 3523 ι
368 3475 435 3528 Perl.
445 3505 485 3516 -
496 3475 549 3527 Nec
564 3475 625 3538 ribi,
638 3473 713 3546 Syre.
757 3473 850 3538 Modo,
866 3474 887 3528 si
902 3472 1033 3528 modo.-·
1043 3475 1092 3525 Est
1102 3493 1163 3544 spes.
1179 3476 1271 3529 Restat

200 3558 302 3612 -Nee
314 3557 359 3609 titt
366 3597 374 3621 ‚
387 3555 649 3627 Clitipb0,nate.-
662 3555 715 3608 Nec
757 3551 860 3620 adbuc,
880 3554 923 3607 rel
943 3553 971 3604 in
994 3550 1156 3606 difficillimo
1181 3573 1271 3608 rerum

200 3657 245 3692 vos
258 3649 295 3689 est
314 3655 421 3710 oequum,
443 3648 493 3689 etc.
519 3661 530 3682 ι
540 3634 596 3686 Nec
614 3635 715 3705 justum
758 3647 908 3688 nostrarum
922 3643 1002 3698 statu,
1014 3651 1073 3704 spes
1084 3630 1273 3704 quadebemns

202 3731 242 3772 est
254 3736 301 3772 ros
314 3714 429 3770 vicissim
444 3715 512 3768 mibi
528 3713 605 3774 irasci
618 3711 653 3768 de
666 3732 714 3772 eo,
759 3713 841 3785 erigi,
856 3726 882 3766 et
895 3712 1070 3768 sustineri.-
1076 3714 1129 3767 Nos
1144 3718 1275 3767 esurituros

202 3795 275 3869 quod
287 3797 379 3850 facio·
396 3796 523 3850 Chremes
538 3794 622 3864 igitur
634 3794 669 3847 ab
684 3812 716 3845 eo
759 3797 827 3846 satis.
848 3793 953 3846 Vernili
979 3809 1056 3845 more
1080 3792 1164 3866 Syrus
1185 3796 1275 3866 jocosa

202 3876 360 3942 deterretur,
376 3872 450 3948 quod
463 3877 549 3928 lacere
564 3875 672 3945 utrique
684 3873 717 3926 il·
760 3873 853 3926 miscet
867 3885 894 3926 et
906 3869 1022 3926 seria.Id
1032 3872 1106 3944 quod
1117 3871 1188 3943 παρὰ
1201 3893 1279 3942 προσ·

204 3958 293 4010 lorum
313 3956 479 4026 cogitaverat.
495 3955 537 4007 Cl.
552 3955 620 4022 950.
761 3949 847 4006 dorius
861 3965 966 4024 uocant,
977 3971 1059 4024 quum
1070 3953 1147 4006 aliter
1161 3971 1275 4025 respon·

248 4035 506 4105 980.Als.Var.Hei.
521 4028 549 4081 V
545 4027 718 4105 ule—Quid?
762 4030 842 4088 detur
851 4051 929 4103 quam
944 4045 1117 4103 exspectatur.
1130 4033 1224 4089 Perler.

1011 4139 1093 4228 49²
