2968 4856
233 342 420 410 PUBLII
448 341 706 410 TERENTII
733 341 853 409 AFRI
882 343 1061 412 HEAUT.
1107 341 1180 438 3¹7
1275 400 1283 418 ,

104 535 1137 558 ΜΜΜΜΜΜΜἎΜΙΜἈΜἪἏΜΜΜ
1141 541 1186 559 m

347 851 596 964 ACTUS
634 853 944 962 PRIMUS.

557 1111 745 1136 --ιοδῠη

381 1302 607 1392 scant
648 1285 923 1394 PRIMA}

329 1552 593 1620 CHREMES.
622 1552 973 1624 MENEDEMUS.

113 1721 301 1844 Cunna.
313 1767 524 1859 Quamquam
542 1764 615 1834 haeo
630 1765 716 1833 inter
731 1790 792 1837 nos
809 1791 916 1860 nuper
933 1768 1050 1836 notitia
1064 1767 1181 1837 admo-

276 1875 358 1942 dum
377 1875 437 1958 ’st‚

32 2049 33 2054 ,
114 1981 197 2050 Inde
213 1981 300 2050 adeo
314 1977 403 2073 quod
421 2001 538 2071 agrum
553 1978 588 2046 in
601 2001 765 2072 proxumo
779 1974 834 2045 hio
848 1991 1014 2048 mercatus
1030 2004 1080 2066 es,

112 2091 183 2156 Nee
204 2090 254 2156 rei
271 2075 340 2155 fere
357 2109 435 2154 sane
453 2082 595 2178 amplius
614 2077 792 2178 quidquam
813 2082 891 2168 iuit3
1157 2109 1181 2147 n

113 2197 239 2263 Tamen
261 2191 315 2261 vel
336 2193 442 2260 virtus
458 2205 516 2259 tua
536 2215 606 2280 me,
623 2189 675 2258 vel
693 2191 857 2277 vicinitas,

153 2403 166 2424 '
177 2405 308 2457 Chremes
327 2401 446 2461 vicinus,
459 2419 542 2472 quum
561 2419 627 2452 eon·
670 2419 760 2470 nupera
775 2402 871 2452 notitia.
887 2431 927 2442 -··
942 2401 1039 2473 Qaauq.
1054 2402 1105 2454 ltoec
1119 2407 1180 2456 tiator

114 2485 228 2554 spiceret
250 2499 340 2534 senem
363 2477 542 2551 eumdemque
561 2479 627 2532 olim
670 2500 730 2543 nos,
754 2493 803 2532 etc.
827 2480 971 2550 Intellige:
991 2482 1181 2552 «Quamquam

115 2561 225 2616 divitem
234 2599 243 2627 ,
251 2563 375 2632 ¹graviter
390 2561 556 2613 laboraretis
572 2571 627 2611 tota
670 2559 727 2614 hec
740 2559 833 2612 notitia
845 2573 884 2612 est
897 2560 965 2612 inter
976 2580 1024 2613 nos
1035 2580 1049 2612 a
1061 2575 1180 2632 tempore

116 2641 159 2696 die
185 2643 215 2694 in
240 2660 322 2712 opere
349 2639 508 2706 consistere,
528 2637 629 2694 accedit
669 2639 857 2710 nuperrimo.»
873 2639 976 2692 Placuit
994 2641 1100 2694 Perloto
1118 2660 1180 2694 con·

117 2723 305 2792 interrogans:
325 2733 365 2784 et,
382 2731 411 2771 ut
433 2732 538 2790 oportet
556 2716 628 2790 apud
668 2719 778 2790 jungere
791 2723 994 2789 nuper-notitia,
1009 2733 1036 2772 et
1050 2720 1181 2792 explicare

117 2802 262 2874 ignotum,
285 2800 364 2871 longa
385 2799 469 2852 utitur
494 2799 627 2857 oratione.
671 2817 721 2870 per
740 2799 917 2869 grumum,
931 2799 969 2850 uti
983 2801 1180 2870 semper-lenitas

117 2880 249 2953 simulque
276 2880 327 2933 sihi
351 2879 430 2932 etiam
457 2879 628 2950 quaestionem
671 2880 699 2932 in
715 2877 798 2932 Andr.
813 2899 850 2932 vs.
869 2877 938 2949 175,
951 2897 1010 2950 pag.
1028 2880 1074 2933 30.
1090 2880 1180 2935 Minus

119 2962 192 3024 facit,
208 2973 235 3014 et
255 2960 329 3032 qnasi
341 2959 393 3012 sibi
407 2959 464 3029 ipse
475 2956 627 3028 respondet.
670 2959 780 3012 fortasse
796 2959 957 3031 simpliciter.
968 2990 1009 3004 -·
1020 2960 1083 3014 Hae
1091 3002 1098 3026 ,
1113 2962 1182 3016 noti·

119 3037 292 3093 Menedemus
311 3051 414 3102 autem,
427 3037 475 3109 qui
488 3051 526 3091 est
538 3038 629 3090 Hean·
672 3037 708 3090 tia
723 3057 803 3108 quam
817 3037 914 3092 deinde
926 3041 1050 3110 explicat.

119 3121 366 3184 tontimorumenos‚
376 3131 501 3189 tanquam
513 3117 629 3170 alienum
713 3117 758 3181 54.
774 3119 848 3182 Inde,
864 3138 896 3172 ex
909 3138 939 3172 ea
950 3139 1035 3174 causa.
1049 3151 1089 3164 -
1100 3121 1180 3174 Adeo.

120 3200 274 3271 alloquitur,
284 3213 315 3252 ut
321 3199 359 3252 illi
367 3211 392 3252 et
398 3199 483 3252 otium
489 3217 543 3252 esse
550 3195 630 3262 dieat,
672 3197 738 3250 Fere
752 3198 825 3252 idem
837 3199 881 3251 hio
894 3212 989 3264 sonat,
1001 3198 1074 3271 quod
1081 3220 1182 3270 prasea-

121 3292 147 3332 et
165 3293 269 3334 tantum
291 3279 375 3334 otium
400 3279 508 3338 erebus
531 3278 584 3332 suis
599 3289 629 3330 ut
673 3281 731 3340 tim,
743 3282 899 3348 potissimam.

121 3360 203 3413 aliena
233 3371 318 3413 caret.
347 3355 493 3421 Tandem,
519 3357 630 3412 instante
714 3357 760 3412 55.
773 3358 825 3410 Nee
839 3361 881 3411 rei.
894 3358 1181 3413 Both.aecre.-Nec

122 3439 276 3496 Chremem,
293 3439 389 3492 fatetur
410 3435 583 3490 Menedemus
604 3455 630 3488 se
672 3442 707 3491 νει·
715 3440 767 3506 sere
772 3452 838 3502 ,etc.
849 3437 965 3490 Restitue
975 3436 1019 3490 hic
1028 3457 1179 3511 quamquain,

122 3519 217 3572 merito
230 3518 325 3590 plecti,
341 3531 480 3589 propterea
491 3516 563 3589 quod
573 3516 630 3586 ipse
673 3531 698 3572 et
707 3517 838 3588 intellige:
851 3523 898 3570 *Et
906 3535 1064 3587 quamquam
1072 3537 1127 3571 non
1137 3518 1181 3572 ali·

121 3596 205 3650 titium
223 3616 318 3662 snum,
333 3610 465 3650 amantem
481 3597 631 3650 adolescen·
673 3597 738 3668 quid
751 3597 865 3668 amplius
875 3596 943 3648 inter
960 3615 1008 3648 nos
1021 3597 1072 3650 tuit
1083 3598 1136 3664 rei,
1148 3617 1180 3652 ex

121 3689 177 3731 tum
188 3696 279 3741 more,
292 3677 394 3730 miserit
404 3677 432 3730 in
444 3677 566 3730 militiam
579 3673 629 3728 du·
673 3696 726 3748 quo
738 3677 839 3730 facilius
847 3678 1028 3748 jungeremur.
1046 3703 1057 3723 ι

120 3777 194 3824 mm,
213 3757 312 3828 sepius
324 3755 470 3812 accusando
481 3775 489 3812 ε
502 3753 566 3810 inde
581 3755 631 3808 sibi
715 3755 760 3812 56.
777 3757 806 3808 V
803 3759 907 3810 inuitas.
922 3753 1042 3820 Quidam
1052 3757 1114 3811 Mus.
1130 3777 1181 3810 mea

7 3837 8 3840 ’
118 3837 363 3911 justeimponihas
376 3836 520 3910 ipsasquas
537 3836 630 3907 implet
671 3838 793 3890 vicinitas.
814 3869 854 3880 -·
876 3835 962 3888 Virtus
988 3848 1039 3890 tao.
1066 3835 1182 3892 Honeste

7 3931 8 3936 ’
119 3919 283 3988 gravissimas
296 3931 395 3988 paenas.
605 3919 612 3928 '
671 3917 789 3970 laborem
813 3928 840 3970 et
863 3917 1036 3970 calamitatem
1060 3917 1181 3971 nominat

160 3997 204 4052 ⁵³.
219 3999 306 4069 Nuper
314 3999 408 4050 notitia.
421 3997 540 4053 Muretus
550 4009 576 4052 et
585 3997 630 4050 alii
674 4001 793 4050 virtatem.
