3014 4860
383 347 975 448 nasur.scr.11,sc.111
1132 354 1205 428 365

139 489 343 563 Persuadere
358 487 424 574 illi,
439 514 512 583 quae
531 486 614 558 solet
631 513 714 582 quos
732 483 902 582 spernere!

140 601 220 668 Suu.
244 600 285 666 In
305 610 456 690 tempore
477 593 520 664 ad
540 619 613 664 eam
633 595 728 680 veni;
749 594 839 689 quod
861 617 972 662 rerum
998 595 1147 664 omnium
1169 594 1208 664 ’st

139 707 309 774 Primum:
325 727 403 772 nam
419 703 577 771 miserum
589 699 766 795 quemdam
781 699 906 769 offendi
920 700 965 769 ibi
978 699 1134 790 militem,
1169 731 1206 769 sss

140 811 222 904 Ejus
237 824 369 879 noctem
386 823 547 879 orantem.
565 809 645 876 Haec
661 821 732 876 arte
748 807 912 877 tractabat
927 809 1053 892 virum,

140 920 190 986 Ut
208 915 293 985 illius
313 918 461 986 animum
480 914 638 1009 cupidum
657 914 768 1007 inopia
787 912 993 996 incenderet,

139 1023 332 1117 Eademque
352 1037 391 1090 ut
408 1035 494 1090 esset
513 1021 603 1117 apud
621 1034 653 1089 te
671 1020 736 1090 boc
753 1045 853 1114 quarn
870 1023 1100 1114 gratissimum.

139 1129 205 1200 Sed
223 1130 307 1199 heus
324 1144 379 1214 tu,
392 1128 468 1196 uide
492 1129 553 1216 sis,
568 1151 610 1196 ne
628 1127 707 1221 quid
725 1126 918 1221 imprudens
936 1152 1021 1199 ruas.

140 1239 274 1305 Patrem
294 1237 433 1322 novisti,
453 1231 496 1304 ad
517 1235 576 1303 bas
597 1229 650 1303 res
670 1235 830 1328 quamsit
850 1236 1041 1331 perspicax3
1170 1266 1207 1318 a„

139 1345 214 1437 Ego
236 1357 269 1411 te
289 1357 401 1412 autern
423 1341 523 1424 novi,
542 1365 643 1436 quam
661 1365 732 1410 esse
749 1338 853 1410 soleas
871 1342 1046 1436 impotens.

140 1451 278 1518 Inversa
293 1449 414 1532 verba,
436 1472 567 1517 eversas
586 1448 731 1516 cervices
749 1461 842 1531 tuas,

141 1556 313 1642 Gemitus,
329 1568 491 1644 screatus,
513 1569 636 1644 tusses,
651 1555 736 1622 risus
756 1553 893 1622 abstine.

182 1792 250 1847 363.
272 1793 340 1863 Quos
356 1813 471 1864 spernere.
499 1791 653 1845 Exclamant
696 1793 777 1860 iuopia
802 1792 906 1844 deinum
931 1794 1022 1848 incend.
1048 1825 1088 1837 -
1113 1795 1208 1866 tropa.

139 1875 168 1927 Ζ.
184 1873 264 1944 Vslp.
277 1885 339 1944 post
350 1891 476 1943 sperneres
491 1872 571 1926 Both.
591 1883 653 1941 post
695 1869 757 1922 Nou
772 1871 879 1942 copiam
892 1872 932 1924 sui
949 1872 1080 1926 faciendo.

139 1970 213 2024 qu0s;
232 1971 362 2023 nusqmm
375 1953 513 2023 Antesign.
534 1963 561 2004 et
582 1951 652 2003 Perl.
737 1947 803 2003 368.
818 1952 898 2020 Qronrn
905 1955 1076 2020 gratissimum.
1087 1952 1130 2006 Sic
1139 1955 1208 2007 libb.

142 2035 225 2102 (Issos,
247 2033 349 2103 quales,
371 2045 499 2103 quantos,
516 2048 596 2101 quam
610 2029 652 2083 di·
694 2029 1208 2102 Bemb.AIiivulgogmts‘ssr'mo.—Ea·

139 2113 215 2165 vites.
227 2113 329 2165 -Alii
341 2113 488 2184 explicant,
501 2111 601 2183 aliquos.
612 2140 653 2150 -
694 2109 763 2173 dem,
782 2109 976 2164 adverbialiter
989 2109 1156 2166 sumendum.
1174 2115 1208 2165 Et

180 2192 286 2250 stata
301 2205 418 2263 tempore,
435 2210 470 2245 sc.
487 2203 651 2261 opportuno.
694 2187 912 2261 intelligendum,
934 2191 1016 2244 eudem
1036 2205 1103 2254 arte,
1127 2193 1207 2244 eodem

140 2303 181 2314 -
199 2271 276 2341 Quod
287 2273 357 2324 reler
370 2270 403 2323 ad
422 2275 557 2341 negotium,
579 2268 652 2342 quod
694 2267 807 2338 artificio·
819 2269 900 2335 Quod
910 2269 1018 2342 quidem
1029 2273 1124 2324 millies
1134 2273 1207 2344 apud

138 2349 311 2416 subauditum
326 2370 382 2404 non
392 2367 455 2404 vero
467 2349 501 2404 ad
514 2363 653 2420 tempus.-
694 2348 817 2412 Plautum
829 2352 1002 2406 occurrit.-
1013 2353 1084 2416 Hoc,
1101 2353 1144 2404 illa
1159 2353 1214 2404 miv

140 2431 218 2500 Quod
230 2451 308 2482 rerum
321 2435 424 2484 omnium
436 2431 467 2482 'st
477 2434 589 2502 primurn.
601 2430 654 2484 tte-
693 2427 748 2480 litis
764 2427 891 2484 dimissio.

139 2509 208 2564 aiod.
225 2513 307 2582 uaspbc
321 2507 390 2564 d'drss
399 2513 477 2563 πᾶσιν
485 2510 592 2581 ἄριστος.
609 2511 652 2565 CI.
735 2507 799 2576 369.
815 2511 856 2565 Ne
868 2512 928 2582 quid
940 2513 1075 2582 imprudens
1088 2531 1151 2566 mas.
1166 2513 1207 2566 Ne

140 2589 216 2660 Virg.
238 2591 370 2656 matu,
392 2589 463 2654 423:
494 2601 505 2622 ⁸
522 2589 582 2644 Sola
601 2589 653 2644 viri
694 2589 724 2639 in
749 2590 838 2661 aliqua
858 2609 888 2644 re
917 2591 1075 2663 imprudens
1095 2610 1206 2665 pecces,

139 2671 233 2723 molles
252 2668 339 2724 aditus
354 2682 381 2723 et
397 2683 518 2742 tempora
538 2689 648 2724 norea·
697 2680 723 2720 et
736 2666 829 2722 dolum
840 2670 914 2724 hunc
924 2685 1033 2726 evertas.

138 2749 241 2802 Locum
252 2749 448 2804 buncTerentii
458 2748 539 2803 refert
550 2751 652 2804 Auson-
735 2747 799 2818 370.
827 2751 925 2803 Patrem
951 2755 1048 2818 novisti,
1076 2765 1127 2807 etc.
1154 2754 1205 2807 Per

138 2829 166 2880 in
180 2830 291 2883 Pittaco.
680 2819 893 2890 ‘hellenismum

180 2907 247 2962 365.
262 2910 378 2963 Miserum
387 2911 520 2982 quemdam.
528 2911 568 2963 Ita
577 2911 651 2964 Rent.
735 2905 801 2979 371.
824 2911 959 2982 Inpotens,
975 2912 1086 2984 supple,
1100 2914 1206 2977 silibet,

138 2987 252 3042 codices.
266 2990 318 3042 Atii
329 3009 363 3042 ex
374 2991 472 3061 quibus
481 2991 615 3060 Autesign.
627 3001 653 3042 et
697 2987 868 3060 «imprudens
877 2991 1023 3045 affectuum
1033 3006 1139 3046 tuorum
1148 3013 1206 3046 mo-

138 3071 167 3122 Z.
181 3069 279 3122 Misere.
288 3069 381 3122 Variat
390 3081 514 3141 praeterea
527 3069 652 3123 ordo.-
693 3063 807 3123 desetor.
823 3096 835 3117 ι

138 3149 265 3201 Miserum.
278 3150 407 3204 Delusum
423 3162 480 3202 arte
494 3149 651 3204 meretricis.
741 3151 806 3220 372.
817 3151 844 3202 E
845 3169 930 3204 versas.
940 3152 984 3204 Br.
995 3155 1106 3207 inversus.
1114 3184 1154 3196 -
1164 3154 1205 3206 In-

137 3260 177 3272 —
189 3229 244 3292 Ibi,
260 3227 331 3300 apud
344 3242 412 3282 eam.
696 3250 764 3286 versa
776 3229 861 3283 uerba.
876 3219 1032 3303 Amputatai,
1050 3253 1106 3285 non
1119 3233 1206 3285 cobse-

179 3307 245 3362 366.
267 3309 330 3360 Hoee
351 3322 404 3361 erte
426 3309 547 3360 tractabat
563 3313 650 3361 virum.
693 3311 795 3374 sentia,
809 3324 983 3382 praepostere,
998 3313 1170 3382 uelambigua
1181 3323 1206 3363 et

137 3387 299 3441 —Scilicet
314 3407 369 3442 non
385 3400 424 3442 est
437 3404 526 3459 parvas
541 3387 651 3440 artisri-
693 3390 816 3462 ancipitis
835 3409 865 3444 ac
891 3389 980 3444 dubie
1002 3391 1128 3445 notionis.
1150 3392 1206 3444 lus.

136 3469 224 3520 salem
245 3469 357 3521 amatori
374 3481 551 3539 postponere,
570 3467 607 3518 ita
623 3481 653 3520 nt
694 3505 734 3514 -
749 3471 855 3524 Eversas
873 3473 972 3524 ceruices
989 3483 1050 3523 tuus.
1072 3471 1207 3542 Intelligit,

137 3561 226 3601 tamen
255 3547 337 3619 magis
366 3545 470 3619 perdite
496 3546 540 3599 bic
565 3547 653 3600 rivalis
693 3549 803 3606 cervicis
819 3547 989 3603 inflexionem
1005 3551 1033 3602 in
1048 3551 1207 3603 alterutrum

137 3639 216 3681 amet.
238 3627 302 3680 Haec
312 3641 351 3681 est
362 3645 439 3681 cauea
454 3645 504 3679 cnr
516 3625 599 3696 Syrus
614 3625 654 3679 di·
693 3633 847 3694 humerum,
863 3628 936 3701 quod
950 3629 1055 3700 signum
1066 3643 1207 3684 estumun·

137 3705 207 3760 serit
227 3706 394 3779 Clitiphoni,
410 3726 436 3760 se
459 3709 484 3758 in
505 3718 606 3777 tempore
621 3705 656 3758 ud
694 3713 728 3764 tis
742 3723 768 3763 et
781 3708 918 3780 impudice
931 3709 1014 3762 stulti.

137 3805 190 3838 enm
203 3791 312 3852 uenisse,
337 3805 397 3858 quae
412 3787 511 3840 scilicet
532 3783 654 3840 studebat
737 3791 804 3859 373.
841 3790 936 3841 Tusses.
961 3787 1006 3841 Sic
1032 3787 1126 3842 dumus
1151 3805 1211 3860 post

137 3865 161 3922 ei
175 3867 298 3939 placere,
317 3863 479 3923 dimittendo
492 3866 613 3919 rivalem.
695 3868 765 3923 Perl.
782 3880 809 3921 et
823 3868 901 3920 Botb.
917 3869 993 3932 Aliis,
1014 3873 1091 3922 tussis.
1107 3901 1146 3912 -—
1162 3871 1213 3924 Ge·

179 3945 246 4016 367.
258 3943 408 4000 Incenderat.
420 3944 471 4000 Ed.
479 3947 560 4018 prim.
572 3965 657 3998 asun-
700 3953 779 4014 minu,
791 3960 896 4000 screatus
907 3961 958 4003 etc.
972 3949 1035 4003 uec
1048 3949 1137 4002 omnia
1149 3949 1213 4004 ado-

137 4026 212 4080 deret.
224 4026 336 4079 Botbius
348 4026 420 4096 legit,
434 4039 462 4078 ut
472 4027 581 4098 cupidum
590 4027 656 4079 attins
700 4029 836 4083 lescentuli
858 4027 976 4095 fuciunt,
999 4029 1216 4103 quotiescumque
