2890 4866
455 420 517 488 DE
543 423 784 492 TERENTlO.

272 615 409 693 Civem,
433 613 477 684 de
498 619 627 717 opttino
642 639 768 710 genere
789 631 976 688 oratorum.

140 811 183 878 ln
198 833 235 877 re
257 807 347 902 quod
364 808 527 902 optimum
550 809 592 878 sit
610 810 791 902 queritur:
811 811 845 877 iu
867 810 1059 880 hominibus
1075 811 1159 879 dici-

85 931 163 1001 tur,
188 913 279 1010 quod
299 927 358 982 est
379 914 497 1008 ltaque
518 911 595 984 licet
621 914 748 1002 dicere,
768 929 803 984 et
824 917 971 995 Ennium
991 941 1158 986 summum

82 1023 221 1118 epicum
245 1033 402 1118 poetam,
426 1022 453 1090 si
479 1022 532 1090 oui
555 1022 600 1090 ita
619 1020 774 1105 videtum
802 1036 836 1090 et
856 1024 1038 1092 Pacuvium
1060 1025 1159 1117 tragi-

81 1213 249 1286 legerit,uisi
257 1212 600 1284 cogitaveriteubtiliceime,
649 1212 1162 1287 Confluxeritpopulueadoblectandum

80 1307 132 1348 aut
141 1294 257 1365 exegerit
265 1293 369 1362 cingula
378 1293 558 1356 attentissime,
565 1293 603 1345 fa·
647 1295 766 1347 animum
778 1295 837 1348 visu
851 1307 877 1348 et
889 1293 982 1348 auditu
994 1314 1084 1348 rerum
1093 1294 1160 1348 ridi-

81 1375 137 1428 cile
157 1374 228 1427 linea
241 1371 355 1426 excidet.
372 1375 539 1426 Documenta
553 1391 602 1426 uo·
647 1375 767 1426 cularum
778 1394 786 1439 ;
798 1374 863 1428 huic
872 1373 1004 1428 desiderio
1014 1373 1160 1446 explendo,

79 1455 176 1510 lumue
185 1457 240 1524 jam
250 1451 302 1506 uici
317 1453 488 1524 estproximo
502 1465 603 1523 petere.
646 1471 727 1505 nemo
733 1453 830 1526 opinor
838 1467 917 1526 poeta
924 1455 1041 1508 fabulam
1054 1455 1162 1526 scripte·

81 1535 163 1588 Sicut
181 1532 302 1586 acerrimi
319 1533 360 1584 vir
375 1531 473 1603 ingenii
494 1532 602 1586 Franci·
649 1532 702 1586 rit:
713 1532 844 1587 histrione
855 1535 926 1588 enim
939 1553 1019 1606 quam
1033 1547 1111 1606 poeta
1123 1533 1163 1587 di·

81 1612 277 1686 ecueGuyetna
289 1629 378 1682 nuper
389 1609 551 1677 admodum,
560 1629 604 1665 re·
647 1613 725 1684 gnior
737 1614 794 1667 hmo
808 1633 889 1685 opem
900 1628 975 1668 esset.
989 1615 1076 1667 Poeta
1088 1614 1162 1668 inni-

82 1693 203 1747 ctieeime
233 1703 262 1744 et
289 1690 439 1745 felicissime
467 1692 603 1764 amplexus
646 1705 734 1746 tutum
756 1692 790 1747 ad
815 1694 1012 1767 philosophiam
1040 1706 1162 1765 spectat:

82 1772 193 1826 Afranii
212 1771 385 1835 senteutiam,
410 1797 422 1820 ι
436 1789 530 1825 omnes
544 1790 603 1824 om·
646 1784 726 1843 atque
735 1773 762 1824 iu
776 1773 914 1827 Comoedia
923 1774 975 1827 hoc
991 1774 1082 1844 ipsum
1095 1775 1162 1844 ugit,

85 1853 167 1906 nium
174 1851 346 1905 comicorum
361 1851 388 1903 in
403 1869 460 1904 uuo
475 1850 602 1920 Terentio
646 1850 1161 1926 ut,dumputatpopulusludicramrem

82 1932 206 1986 eminere
222 1933 351 1997 virtutes,
365 1956 377 1978 ι
398 1929 542 2002 judicarim
568 1932 604 1984 ita
649 1932 720 2004 geri,
738 1951 828 1986 amore
847 1933 990 2000 virtutum,
1004 1930 1067 1985 odio
1084 1932 1162 1986 vitio·

83 2011 226 2084 superiore
236 2012 344 2075 saeculo,
353 2010 485 2064 nollemus
496 2029 602 2065 tammo
647 2030 726 2075 rum,
738 2029 850 2083 qunque
862 2012 904 2064 his
916 2014 1005 2065 affinia
1012 2025 1086 2076 suut,
1095 2011 1163 2066 etad

84 2093 199 2157 viro,et
205 2089 278 2163 quod
291 2102 372 2162 caput
382 2089 423 2143 rei
430 2102 604 2162 οεῑμιριτικω·
648 2089 828 2144 emendandos
849 2111 937 2145 morou
952 2091 1098 2164 pertinent,
1112 2091 1163 2144 im·

84 2173 176 2242 τάτῳ,
186 2171 203 2223 J
204 2171 259 2223 ulio
278 2168 412 2241 scaligero
425 2188 454 2223 ea
468 2168 503 2223 de
512 2183 604 2224 nostro
648 2173 753 2224 buatur.
764 2169 928 2225 Rudioribus
937 2173 1026 2242 itaque
1034 2171 1162 2241 tempori-

82 2263 168 2322 poeta
186 2248 329 2314 exciditne,
346 2267 405 2321 qam
423 2249 500 2304 nullo
523 2248 604 2303 modo
648 2252 710 2316 bus,
725 2249 821 2304 rudius
833 2251 886 2305 hoc
904 2252 1004 2304 colebat
1022 2249 1163 2302 fierimui·

83 2328 212 2396 defendi,
220 2349 251 2384 ac
263 2347 298 2382 ue
307 2329 415 2382 tolerari
423 2328 532 2401 quidem
541 2348 604 2402 pou·
648 2331 754 2402 tuisque
765 2349 815 2384 nec
826 2331 980 2401 compositis
989 2349 1039 2384 nec
1053 2331 1163 2383 excultis

84 2423 160 2465 cunt.
647 2409 748 2482 aliquid
754 2409 948 2481 indulgendum
960 2423 1024 2464 erat.
1033 2408 1165 2462 Acceden-

128 2489 200 2544 Illud
210 2489 318 2562 quidem
333 2492 448 2545 libenter
458 2491 604 2555 sumimus,
648 2502 674 2542 te
688 2489 804 2562 quodam
812 2493 900 2556 cultu,
912 2503 943 2544 ut
954 2492 981 2543 iu
991 2490 1116 2542 omuibus
1124 2491 1163 2542 ci-

85 2569 165 2642 quod
173 2570 208 2624 de
217 2570 320 2642 judicio
329 2571 424 2642 populi
433 2571 604 2640 fatetur2quo
648 2570 774 2624 vitatibus
787 2573 821 2626 ab
837 2569 980 2624 inconditis
995 2571 1116 2623 moribus
1129 2569 1163 2622 ad

84 2649 605 2721 etiumciauperatumeeaelegamal‘hi-
648 2649 746 2720 gradus
756 2650 885 2722 quosdam
905 2650 1053 2722 discipline
1068 2667 1163 2720 proce·

83 2731 197 2783 lemone
214 2728 410 2796 Menandrum,
424 2728 546 2782 nondum
565 2741 605 2782 tu·
648 2728 733 2795 ditur,
749 2727 952 2802 temperandum
966 2743 1023 2783 erat
1032 2729 1165 2802 quidquid

84 2829 151 2864 meu
163 2808 225 2864 ideo
237 2808 385 2864 Menandro
399 2811 484 2880 major
496 2821 534 2862 eut
545 2809 607 2862 Phi·
649 2810 762 2863 nimium
776 2809 933 2878 videbatur3
943 2810 1060 2864 invitatis
1070 2823 1096 2863 et
1106 2811 1165 2882 plu·

84 2892 191 2944 lemou.
201 2891 288 2944 Debet
301 2890 389 2955 euim,
402 2892 429 2944 ni
439 2889 531 2955 fallor,
544 2907 605 2942 eru·
649 2890 709 2944 cide
727 2889 854 2944 traductis
873 2889 906 2943 ad
920 2890 1033 2944 rectiora
1051 2891 1162 2952 animis,

85 2969 152 3024 ditio
161 2967 234 3024 idem
248 2971 342 3034 licere,
356 2968 430 3042 quod
442 2970 561 3042 populo:
575 2982 607 3022 ut
651 2984 681 3024 ut
692 2972 851 3042 voluptatem
862 2988 918 3023 nou
927 2972 981 3042 jam
993 2971 1090 3023 excolo
1101 2970 1165 3035 risu,

85 3051 135 3104 hic
146 3049 257 3122 quidem
268 3069 320 3122 pro
333 3069 382 3102 suo
393 3063 485 3122 captu,
501 3049 541 3102 illi
555 3068 606 3122 pro
651 3049 724 3122 quod
736 3051 995 3121 imperitiuimorum
1012 3061 1064 3115 est,
1077 3049 1122 3104 sed
1133 3070 1166 3104 ex

85 3129 199 3202 ingenio
218 3127 246 3183 et
259 3129 381 3185 doctrina
396 3131 553 3184 sententiam
567 3130 606 3182 fe·
651 3128 844 3184 consuetudine
859 3131 920 3183 vitm
936 3131 1101 3201 fortunaque
1113 3131 1165 3183 hu·

86 3223 160 3264 rant.
180 3213 215 3262 At
235 3210 308 3263 enim
327 3210 421 3283 populi
440 3208 542 3281 judicio
562 3209 608 3261 hic
652 3228 745 3274 manae,
756 3211 869 3281 eleganti
880 3229 970 3263 rerum
980 3223 1055 3263 textu
1065 3229 1166 3263 accon·

87 3286 217 3344 standum
236 3302 292 3344 eat:
308 3290 410 3363 populo
426 3287 558 3344 dabantur
570 3289 608 3341 fa·
653 3290 788 3344 secutione
795 3290 1024 3360 perimitutionem
1035 3308 1166 3360 expressa,

87 3370 177 3436 bulae3
187 3381 215 3422 et
225 3369 248 3422 it
258 3395 270 3418 ι
278 3389 333 3423 non
346 3367 379 3422 ad
391 3368 543 3423 diccendum
555 3387 609 3422 eer-
653 3369 702 3422 sihi
712 3367 855 3440 petendam
862 3369 1022 3441 judicarent.
1031 3368 1166 3438 Quamip-

88 3449 180 3502 monis
191 3449 336 3521 puritatem
348 3447 554 3515 coconfluebat,
563 3445 609 3502 sed
654 3469 709 3502 eam
724 3469 780 3502 rem
795 3468 878 3520 quum
889 3447 1026 3503 Comoedia
1036 3448 1168 3501 Novasibi

89 3525 126 3582 ad
138 3529 260 3583 animum
279 3529 335 3582 riou
356 3547 386 3582 ac
403 3531 471 3599 jocis
484 3530 608 3582 relaxen·
653 3529 847 3602 proposuisset,
861 3529 974 3582 aliorum
987 3526 1115 3580 industria
1126 3546 1167 3580 eu·

89 3607 175 3662 dum:
187 3635 199 3656 ι
219 3628 279 3681 que
295 3608 421 3680 scaligeri
438 3611 518 3662 verba
537 3623 608 3666 eunt.
653 3627 688 3662 ue
700 3610 859 3681 profecerit;
873 3621 945 3661 certe
958 3607 1038 3660 solius
1051 3608 1170 3660 Terentii

89 3687 145 3742 Sed
157 3689 286 3760 περιεργία
303 3688 396 3761 populi
411 3707 466 3742 non
483 3689 553 3742 tollit
567 3709 609 3743 ar-
653 3689 761 3760 ingenio
771 3687 804 3741 ad
811 3689 943 3758 fastigium
952 3686 1078 3741 ascendit.
1086 3687 1112 3739 Si
1122 3686 1170 3757 igi-

89 3769 163 3820 tium
173 3767 304 3822 instituta·
317 3763 432 3834 Quando
440 3769 468 3821 in
481 3769 540 3822 loru
549 3788 610 3823 reue
655 3781 700 3820 tur
713 3769 851 3822 Volcatius
865 3765 998 3838 Sedigitas
1008 3765 1042 3819 de
1052 3767 1169 3820 Comicis

90 3861 230 3901 accusatur
250 3867 280 3902 ac
302 3846 471 3913 defenditur,
494 3851 611 3920 populus
652 3847 784 3920 judiciam
798 3848 868 3900 serre
884 3848 984 3910 voluit,
997 3865 1045 3900 cur
1055 3859 1109 3899 tam
1126 3845 1169 3899 di·

91 3946 148 3980 nou
156 3927 269 3980 confluit
278 3926 312 3979 ad
319 3925 471 3981 discendam
480 3931 610 3982 sermonis
655 3947 728 3981 versu
737 3927 858 3978 miscuit?
869 3927 925 3979 Cur
935 3927 1057 3980 Plautum
1067 3938 1094 3978 et
1103 3925 1169 3978 alios

91 4007 269 4077 elegantiam
287 4027 374 4078 neque
397 4021 535 4077 propterea
555 4029 609 4062 uon
655 4005 930 4079 ideopraetulit,quod
940 4007 1000 4078 plus
1010 4005 1044 4059 de
1054 4005 1168 4077 autiquae

92 4085 248 4140 laudabitur
263 4087 378 4154 Orator,
399 4088 445 4159 qui
466 4089 489 4140 ei
512 4088 609 4142 studet.
656 4086 800 4143 comodiae
812 4087 890 4158 genio
900 4087 1047 4151 reserrent;
1059 4103 1106 4140 cur
1122 4105 1169 4157 po·

918 4181 958 4264 ,2
