2890 4866
306 415 368 462 cxx
401 391 589 462 PETITUS
614 331 677 462 Dii
704 391 883 464 ORDINE
909 389 1269 461 COMOEDIARUM.

304 549 470 613 summus,
489 549 634 595 summus
651 526 810 610 Critieus,
833 521 1034 594 familiariter
1056 547 1133 592 cum
1151 525 1292 592 Caesare
1310 523 1379 590 Au-

231 702 236 728 ,
304 644 400 724 gusto
419 655 458 701 ac
479 633 659 702 Maecenate
673 633 772 720 vixit,
789 629 969 729 eorumque
986 643 1086 724 atque
1105 628 1247 698 aliorum
1264 629 1381 722 quoti

303 734 357 804 die
381 735 421 804 de
444 736 495 806 his
514 737 635 832 judicia
659 738 806 824 audivit,
835 761 877 807 an
905 739 961 832 qui
986 735 1086 806 hodie
1108 735 1226 806 harum
1253 757 1377 802 rerum

303 839 400 935 plane
418 843 560 938 imperiti
573 843 745 936 judicant?
762 845 824 938 ipsi
846 843 996 920 viderint.

641 1033 1032 1067 &ob-

726 1223 948 1291 PETITUS

543 1435 594 1478 DE
617 1434 783 1480 otintttlt
810 1431 1127 1481 COMOEDISRUM

608 1628 733 1716 PUB.
760 1627 1053 1717 TERENTII.

356 1833 476 1904 Omnia
491 1858 559 1901 non
574 1846 652 1901 sunt
672 1831 769 1927 plana
786 1846 884 1926 atque
900 1827 1033 1926 liquida.
1053 1831 1196 1899 Primam
1215 1833 1368 1901 omnium

299 1943 473 2012 Attonitas
490 1963 574 2028 esse,
590 1936 692 2032 liquet
706 1964 746 2007 ex
761 1941 914 2023 Donato,
927 1935 1123 2007 Praefatione
1136 1938 1171 2004 in
1186 1936 1366 2006 Andriam:

303 2075 321 2112 a
332 2050 412 2117 Haec
426 2046 531 2140 prima
546 2059 620 2114 acta
634 2059 684 2113 est
693 2043 794 2113 Ludis
808 2041 1071 2137 Megalensibus,
1080 2071 1098 2107 a
1110 2056 1172 2111 etc.
1185 2044 1366 2112 Suetonius

299 2150 506 2248 Tranquillus
522 2152 556 2219 in
569 2151 649 2218 vira
661 2139 827 2218 Terentii:
848 2177 866 2213 a
878 2149 1018 2244 Scripsit
1030 2147 1220 2218 Comoedias
1235 2173 1309 2238 sex,
1325 2174 1364 2218 ex

298 2259 418 2352 quibus
429 2259 568 2352 primam
577 2255 733 2324 Andriam
749 2279 851 2350 quum
859 2253 1021 2322 AEdilibus
1033 2254 1215 2344 daret,etc.
1226 2285 1245 2319 »
1261 2253 1365 2345 Quod

299 2377 333 2433 et
343 2377 506 2436 testantur
527 2361 563 2431 hi
581 2385 695 2430 versus
713 2361 747 2428 in
765 2359 897 2428 Andriae
911 2358 1055 2454 Prologo
1070 2377 1093 2424 t.

418 2512 537 2579 Favete,
553 2506 650 2566 adeste
664 2525 746 2588 aequo
760 2507 874 2582 annuo,
886 2519 916 2565 et
929 2525 991 2566 rem
1004 2507 1183 2585 cognoscite,

418 2610 459 2666 Ut
469 2607 663 2684 pemosratis,
677 2617 707 2664 et
718 2604 789 2683 quid
802 2604 865 2684 spei
876 2604 913 2662 sit
926 2605 1086 2682 reliquom:

417 2701 541 2762 Posthac
552 2721 623 2779 quas
635 2702 720 2761 saciet
730 2700 768 2761 de
779 2701 891 2779 integro
904 2701 1083 2770 Comoedias,

417 2798 605 2877 Spectandae,
620 2817 657 2856 an
670 2797 818 2877 exigendae
831 2797 888 2857 sint
899 2796 984 2856 vobis
995 2799 1087 2877 prius.

294 2943 427 3015 Editam
453 2956 616 3012 testantur
637 2965 740 3036 quum
767 2939 981 3026 Didascaliae‚
1001 2954 1072 3011 tum
1095 2941 1294 3028 Suetonius,
1315 2945 1359 3012 M.

294 3046 473 3134 Marcello,
484 3048 545 3117 Cn.
557 3046 704 3142 Sulpicio
717 3047 810 3117 Coss.
830 3045 897 3115 hoe
916 3060 984 3137 est,
1006 3070 1093 3138 anno
1109 3048 1151 3116 ab
1160 3048 1253 3116 Urbe
1266 3050 1361 3120 Con·

294 3155 364 3224 dita
386 3153 490 3226 588,

336 3263 514 3346 numani,
539 3259 638 3336 semel
668 3274 766 3354 atque
796 3262 915 3330 iterum
944 3275 1087 3344 exacta,
1124 3262 1223 3330 tertio
1252 3263 1359 3348 stetit;

294 3367 384 3437 unde
406 3367 544 3452 factum,
558 3380 609 3449 ut,
622 3372 698 3459 'quo
716 3363 790 3436 loco
810 3365 898 3435 edita
916 3367 1063 3460 primum
1084 3367 1127 3437 sit
1146 3391 1166 3436 a
1184 3369 1359 3453 Terentio,

293 3497 363 3542 non
383 3497 424 3542 ex
441 3496 521 3541 vero
541 3469 711 3566 proditum
729 3473 771 3542 sit
792 3495 813 3539 a
834 3474 989 3560 Donato,
1005 3471 1201 3542 Praefatione
1219 3476 1255 3542 in
1273 3473 1359 3543 hanc

176 3603 177 3608 ¹
293 3577 498 3648 Comoediam
516 3594 524 3642 τ
544 3579 733 3672 «Factaque
750 3592 785 3646 et
796 3576 884 3647 edita
904 3577 1019 3672 quinto
1036 3575 1126 3666 loeo,
1141 3581 1202 3649 Cn.
1217 3581 1358 3649 Octavio

295 3697 330 3752 et
343 3687 380 3752 T.
391 3683 516 3752 Manlio
528 3685 651 3754 Coss.»
669 3684 787 3778 Atqui,
806 3685 833 3752 si
849 3681 936 3752 saeta
948 3682 1101 3778 editaque
1113 3699 1164 3754 est
1177 3686 1240 3755 Cn.
1256 3686 1357 3754 Octa·

294 3790 370 3876 vio,
391 3791 429 3858 T.
455 3787 582 3859 Manlio
606 3789 697 3860 Coss.
720 3813 792 3857 non
808 3790 908 3884 igitur
929 3792 1046 3882 quinto
1067 3789 1142 3860 loco
1163 3807 1171 3854 τ
1195 3815 1277 3860 nam
1294 3793 1357 3862 Cn.

294 3895 453 3965 Octavius
475 3910 508 3965 et
523 3899 561 3965 T.
585 3893 731 3964 Manlius
754 3893 906 3966 eonsules
928 3893 1064 3966 fuerunt
1088 3921 1176 3967 anno
1199 3897 1241 3967 ab
1263 3897 1357 3967 Urbe

295 4002 436 4072 Condita
460 4000 546 4095 589.
568 4004 658 4094 Ergo
674 4000 761 4071 facta
778 4015 828 4072 est
846 4017 922 4096 post
938 4001 1114 4090 Andriam,
1134 4027 1233 4097 quam
1256 4003 1357 4072 edidit
