2890 4866
306 373 407 420 cxxvi
436 351 558 420 LOCA
586 353 833 424 MENANDRI
860 355 917 420 ET
945 355 1246 426 APOLLODORI

599 539 680 605 Aer.
697 561 744 605 ιν.
762 540 817 608 Sc.
831 561 883 606 vir
898 529 958 625 (vs.
980 526 1082 632 760).

310 666 405 734 «Sed
421 681 458 736 tu
472 649 694 762 quod'cavere
709 672 853 766 possis.»
867 669 1039 740 Translata
1056 695 1076 738 a
1093 673 1291 742 Menandro
1311 699 1383 744 sen·

359 775 479 860 tentia,
498 775 591 869 cujus
613 775 648 843 hi
664 777 808 844 citantur
827 800 846 843 a
867 776 1000 846 Stobaeo
1018 780 1158 846 senarii:

305 879 435 953 Edrldetai
456 907 507 972 μοι
526 879 664 972 φαίνεται
684 873 872 974 δηλουμένη,

304 985 348 1051 Τὸ
366 995 441 1053 νοεῖν
461 993 514 1078 μὲν
534 990 592 1054 ὅσα
611 978 674 1070 δεῖ,
695 991 735 1080 μὴ
755 989 961 1079 φυλάττεσθαι
977 978 1007 1053 d’
1024 983 1044 1054 ἃ
1060 981 1118 1054 δεῖ.

303 1091 481 1161 Manifesta
503 1093 585 1180 mihi
606 1092 738 1162 videtur
760 1094 831 1164 haec
853 1094 1098 1180 essentum,

302 1199 456 1292 Assequi‚
475 1198 555 1292 quid
575 1198 649 1268 fieri
666 1214 837 1294 oporteat,
856 1225 964 1295 neque
983 1199 1093 1301 facere
1114 1215 1239 1270 tamen.

578 1359 661 1427 Aer.
676 1381 709 1425 v.
738 1360 791 1428 Sc.
820 1381 845 1427 x
872 1355 932 1443 (νε.
967 1347 1089 1450 1056).

301 1487 480 1577 «Quodvis
501 1489 642 1570 donum,
664 1492 876 1586 praemium.»
902 1490 1110 1559 Menander:

300 1589 396 1672 Εὖξαι
411 1597 445 1662 τί
461 1589 578 1679 dotari,
597 1601 702 1665 πάντα
719 1623 767 1664 σοι
782 1602 952 1692 γενήσεται.

300 1699 396 1794 Elige
411 1700 501 1796 quod
517 1717 632 1798 optes,
650 1717 764 1799 optata
780 1703 866 1774 feres
888 1704 1007 1772 omnia.

424 1863 730 1932 Hnsurunrrraon.
753 1864 835 1932 Aer.
866 1887 889 1974 ι’,
907 1862 972 1930 Sc.
1000 1883 1029 1929 11
1056 1848 1120 1954 (νε.
1150 1849 1252 1952 204).

305 1989 430 2062 «Illum
452 1993 644 2063 insimulant
664 1994 822 2063 durum.»
845 1993 1047 2062 Menander:

300 2099 434 2196 Σκληρὸν
453 2101 527 2193 πρὸς
544 2099 604 2168 υἱὸν
623 2104 652 2168 ἐν
672 2109 719 2189 τῷ
740 2101 898 2168 νουθετεῖν.
1105 2103 1106 2106 ’

300 2205 402 2294 Quod
417 2208 451 2275 in
472 2205 675 2302 increpando
690 2231 770 2302 erga
790 2206 897 2275 filium
916 2207 958 2274 sit
977 2229 1092 2275 saevus.

301 2302 377 2403 (Vs.
397 2310 499 2396 210).
518 2312 730 2382 «Periculum
749 2336 789 2381 ex
805 2311 915 2382 aliis.»
935 2315 1011 2380 Huc
1031 2312 1175 2406 pertinet
1195 2307 1274 2378 illud
1296 2309 1364 2376 Me

352 2418 469 2488 nandri
489 2443 497 2486 :

300 2527 425 2592 Βλέπων
442 2515 626 2616 πεπαίδευμ’
640 2523 680 2602 εἰς
694 2522 736 2592 τὰ
753 2533 816 2591 τῶν
834 2521 935 2594 ἄλλων
952 2524 1045 2593 κακά.

299 2629 390 2699 Mela
406 2631 537 2700 intuens
558 2629 716 2716 aliorum,
735 2631 852 2702 doctus
876 2656 937 2725 ego
956 2631 1013 2700 fui.

586 2791 669 2860 Aer.
694 2813 729 2860 11.
757 2793 811 2861 Sc.
841 2816 854 2861 1
883 2783 944 2880 (νε.
976 2787 1075 2876 233).
1204 2777 1205 2782 ¹
1232 2725 1235 2732 Δ

301 2925 485 3009 «Occasio,
499 2921 608 3010 loeus,
620 2952 638 2988 n
656 2937 717 2992 etc.
733 2922 939 2992 Menander:

299 3028 406 3124 Μικρὰ
420 3029 568 3123 πρόφασίς
584 3033 650 3096 ἐστι
672 3043 728 3098 τοῦ
747 3025 860 3123 πράξειε
881 3041 992 3130 κακῶς.

297 3136 348 3205 Ad
370 3159 472 3230 prave
493 3135 673 3230 agendum,
694 3162 798 3233 parva
819 3137 1040 3206 satisoccasio
1054 3144 1121 3204 est.

457 3349 461 3356 .
571 3300 654 3366 Aer.
684 3321 723 3366 11.
755 3299 809 3365 Sc.
840 3321 869 3367 11
896 3289 958 3384 (νε.
990 3289 1089 3388 285).

301 3456 504 3522 «Texentem
518 3451 616 3523 telarn
632 3454 806 3524 studiose»
821 3467 883 3524 etc.
894 3453 1078 3522 Menander
1090 3454 1180 3550 apud
1191 3455 1353 3524 P.Vict0r.

202 3588 208 3612 ν
349 3558 405 3628 lib.
425 3585 480 3649 rx,
502 3583 574 3655 cap.
597 3558 739 3632 15.Var.
760 3563 851 3629 Leet.

295 3653 340 3744 El
365 3666 499 3759 ἱσταρίον
517 3665 574 3762 γὰρ
597 3669 745 3761 ἐκρέματο
764 3666 932 3760 φιλοπόνως
948 3666 1039 3734 πάνυ.

295 3774 451 3840 Animum
472 3797 491 3841 a
514 3771 578 3842 tela
596 3799 789 3868 suspensum
808 3775 945 3844 omnino
961 3773 1106 3843 studiose
1126 3772 1319 3868 occupabat.

293 3871 365 3966 (Vs.
390 3867 492 3972 293).
520 3883 624 3948 aUna
650 3877 801 3948 ancillula
821 3881 919 3964 Erat,
936 3909 954 3945 2
979 3895 1041 3950 etc.
1062 3880 1246 3950 Menander
1266 3877 1352 3973 apud

345 3985 540 4054 Politianum
554 4014 560 4054 :
