2890 4866
477 391 547 459 DE
573 391 830 462 THEATRO.
1059 417 1191 464 cxxxnr

117 515 244 586 bantur
260 526 385 610 :atque
402 533 442 582 ea
458 511 553 582 frons
568 537 674 583 scenae
688 511 855 609 appellata
869 513 943 597 suit.
961 516 1001 583 In
1018 515 1196 608 cujuslibet

116 625 383 720 contignationis
399 623 630 720 frontispicio,
654 624 746 720 quod
764 623 949 694 Theatrum
973 627 1194 722 respiciebat,

117 752 226 832 portae
251 735 519 832 ingeniosissime
537 735 678 832 depictae
696 749 729 805 ct
747 735 855 804 exitus
876 735 962 804 varii
982 735 1136 826 fuerunt,
1160 739 1196 808 in

116 849 266 944 quibus,
292 847 475 944 praesertim
503 848 716 942 superiorum
744 846 1057 941 contignationem,
1078 849 1197 937 Mimi,

117 957 365 1046 Mirmillones,
383 973 418 1027 et
434 958 545 1028 caeteri
560 957 649 1027 Ludi
663 957 774 1026 varios
790 971 902 1054 gestus
920 981 959 1027 ac
973 957 1198 1052 gesticulatio·

118 1095 180 1140 nes
200 1069 361 1155 edebant,
380 1067 470 1137 unde
494 1069 626 1138 Sceniei
649 1068 788 1164 proprie
808 1067 901 1138 dieti.
922 1069 1057 1140 Chorus
1075 1073 1197 1158 etiam,

118 1205 197 1250 mea
211 1181 392 1266 sententia,
405 1179 442 1246 in
456 1179 496 1247 iis
512 1178 742 1274 superioribus
755 1179 1068 1274 contignationibus
1081 1179 1201 1252 refere-

119 1291 241 1378 batur,
257 1289 338 1360 dum
352 1303 532 1385 agerentur
545 1288 747 1384 Tragoediae3
759 1289 824 1360 nisi
841 1291 962 1379 mavis,
975 1306 1052 1386 post
1066 1315 1200 1360 scenam

56 1483 62 1494 1
120 1403 160 1472 in
177 1400 255 1472 loco
276 1400 446 1470 destinam
462 1399 563 1470 fuisse
579 1400 737 1489 chorum,
749 1415 783 1470 et
803 1415 955 1471 cantores
972 1427 1011 1471 ac
1029 1399 1201 1490 tibicines,

119 1514 181 1608 qui
202 1512 297 1582 locus
313 1511 472 1600 Odeum,
495 1525 534 1580 ut
550 1525 655 1606 puto,
674 1509 718 1580 ob
742 1509 775 1580 id
792 1511 975 1581 vocabatur
995 1537 1013 1580 a
1035 1512 1201 1582 cantibus.

121 1622 192 1694 Sed
212 1623 248 1692 in
269 1623 309 1691 iis
328 1645 466 1716 quoque
488 1619 570 1691 locis
592 1621 719 1691 fiebant
734 1635 770 1691 et
789 1619 989 1692 nebularum
1013 1623 1146 1714 leones,
1168 1637 1203 1693 et

121 1737 273 1806 Deorum
298 1733 500 1819 descensus,
523 1747 558 1801 et
581 1747 699 1802 raetera
730 1731 766 1802 id
788 1731 910 1828 genus,
934 1731 978 1801 ad
1003 1757 1143 1828 magnas
1167 1747 1203 1803 et
1276 1778 1280 1790 ·

123 1859 339 1939 sumptuosas
352 1843 543 1916 Comoedias
553 1858 643 1938 apta.
653 1844 817 1913 Existimo
828 1858 939 1913 tamen
955 1845 989 1912 in
1003 1843 1125 1914 humili
1137 1847 1203 1916 Co·

122 1955 249 2026 moedia
271 1980 340 2024 non
359 1955 461 2025 titisse
483 1969 616 2024 tantum
638 1969 848 2049 apparatum.
868 1958 941 2024 Ima
962 1979 1069 2025 scenae
1092 1957 1202 2026 conti·

122 2068 241 2162 gratio
256 2067 538 2163 prominentiores
552 2065 708 2136 exerebat
721 2063 916 2154 columnas,
933 2063 1037 2134 veluti
1052 2067 1204 2160 porticus

122 2178 288 2274 quasdam
302 2176 435 2276 latiores
448 2175 510 2245 sub
522 2175 647 2270 quibus
659 2173 779 2244 casulae
795 2189 829 2245 et
842 2175 967 2244 rustica
982 2172 1152 2243 domicilia
1165 2177 1202 2244 in

125 2286 234 2356 Novis
246 2285 448 2374 Comoediis,
458 2287 560 2354 variis
576 2309 682 2354 scenae
698 2284 799 2376 locis,
813 2299 1006 2356 constructa
1022 2300 1134 2370 erant,
1147 2309 1203 2354 ur-

104 2397 186 2466 bes
202 2421 353 2492 quoque,
375 2411 409 2466 et
426 2395 500 2467 loca
520 2397 741 2466 remotissima
761 2397 990 2466 referebantur
1010 2397 1044 2465 in
1063 2400 1203 2493 Tragoe-
1325 2407 1327 2416 ¹

125 2507 192 2578 diis
204 2533 245 2577 :e
261 2507 386 2602 quibus
401 2505 583 2602 prodibant
602 2522 753 2592 actores,
768 2521 802 2576 et
818 2505 898 2577 illue
915 2531 1050 2601 quoque
1062 2528 1097 2575 se
1114 2507 1201 2576 rese-

125 2618 247 2689 nebant
266 2618 309 2687 ad
331 2633 476 2714 tempus.
491 2620 531 2686 In
553 2617 668 2686 eadem
688 2643 794 2688 scenae
812 2632 907 2714 parte
925 2618 1106 2687 excitatum
1121 2617 1203 2707 fuit,

125 2729 221 2826 quod
238 2729 381 2800 Pedium
410 2726 627 2823 appellabant
651 2727 736 2824 (etsi
758 2729 899 2825 podium
925 2729 958 2797 in
987 2727 1152 2799 columnis
1169 2727 1206 2799 id

128 2841 318 2935 significare
335 2837 459 2926 soleat,
481 2839 572 2934 quod
590 2854 712 2909 vocant
729 2836 913 2935 Pedaste),
938 2841 1025 2908 circa
1051 2838 1216 2924 secundae,

128 2951 280 3048 porticus
293 2949 442 3019 medium
453 2949 686 3045 prominebat,
696 2975 740 3019 ne
753 2963 890 3020 noceret
905 2950 1084 3020 actoribus.
1098 2953 1204 3022 Breve

128 3085 265 3158 quoque
282 3059 363 3147 fuit,
378 3073 412 3129 et
425 3083 612 3154 paucorum
626 3085 750 3155 capax,
764 3060 865 3156 idque
879 3059 948 3130 fere
963 3061 1141 3132 videbatur
1158 3084 1205 3158 re

129 3173 235 3262 ferre,
248 3170 341 3267 quod
360 3170 394 3240 in
412 3169 562 3240 aediliciis
579 3168 803 3240 nobilioribus
821 3170 910 3240 circa
925 3170 1106 3241 secundam
1119 3195 1204 3266 prae·

129 3285 230 3379 cipue
252 3282 541 3379 contignationem
569 3281 762 3388 prominere
783 3280 934 3351 videmus
959 3280 1002 3350 ad
1022 3281 1203 3371 fenestras,

129 3397 314 3465 Perronem
323 3390 444 3487 vulgus
458 3405 573 3480 vocat,
583 3401 661 3486 post
672 3389 843 3486 pulpitum
855 3405 1005 3462 exertum
1018 3390 1204 3463 videbatur.

129 3505 298 3597 Opertum
311 3516 384 3572 erat
400 3501 546 3570 tentorio
559 3499 704 3596 quodam
720 3501 842 3598 insigni
852 3515 905 3590 ,et
917 3501 1008 3596 quod
1023 3501 1133 3597 ipsum
1146 3527 1206 3573 un·

130 3613 319 3708 decemque
333 3612 497 3698 ambiret,
508 3625 547 3681 ut
559 3611 595 3680 in
612 3637 653 3681 eo
667 3613 825 3682 secretius
838 3626 873 3681 et
883 3610 989 3706 magis
1002 3612 1115 3698 abdite
1129 3639 1204 3708 spe·

129 3737 264 3795 ctarent
279 3723 470 3818 Principes,
489 3721 549 3817 qui
566 3742 810 3817 nonnunquam
826 3720 906 3792 illuc
924 3747 959 3792 se
976 3723 1204 3794 conferebant.

128 3838 218 3908 Nam
233 3834 369 3906 ePodio
383 3833 496 3904 Ludos
508 3857 547 3902 ac
562 3831 752 3902 Comoedias
765 3846 928 3928 spectasse
941 3833 1109 3904 Neronem
1125 3835 1205 3902 scri·

128 3946 182 4016 bit
199 3942 425 4039 Tranquillus.
439 3943 580 4014 Dictum
593 3941 709 4030 aiunt,
723 3941 815 4037 quod
829 3943 864 4012 in
879 3963 919 4012 eo
933 3957 1135 4040 spectatores
1146 3959 1206 4015 aut

129 4056 232 4127 fflam
259 4055 411 4127 tibicines
438 4055 580 4151 pedibus
602 4053 709 4123 innixi
729 4069 856 4144 essent,
875 4079 946 4125 non
971 4053 1207 4142 sederent3vel

1018 4174 1048 4245 f,
