3014 4872
499 432 634 503 NOVI
665 435 942 508 EDITORIS.
1136 465 1251 512 xxxrrr

236 566 321 632 Tum
339 564 434 658 quod
453 563 635 636 malevolus
655 581 751 638 vetus
770 571 870 638 Poeta
890 569 1035 659 dictitat,
1054 585 1116 642 etc.

231 670 345 739 Fidem
371 695 452 767 ergo
477 672 672 743 adhibemus
693 674 803 745 verbis
828 675 1134 769 probatissimorum
1152 679 1251 774 hujus

181 778 342 871 temporis
362 781 527 867 virorum,
551 781 660 874 potius
682 805 782 876 quam
807 781 994 852 invidorum
1011 798 1201 878 poetarum,
1218 801 1253 856 et

179 882 388 955 eruditorum
408 885 505 956 docte
521 884 742 957 delirantium.
764 889 965 983 Quanquam
987 888 1164 960 fatebimur
1183 917 1252 962 non

179 1013 288 1082 pauca
324 1005 411 1061 stare
449 994 485 1060 in
516 993 586 1062 istis
620 996 736 1070 castris
775 993 982 1064 eruditorum
1012 998 1148 1078 nomina
1182 1023 1252 1068 non

180 1095 375 1187 spernendae
404 1097 488 1168 adeo
513 1099 741 1189 auctoritatis;
762 1100 853 1196 quod
882 1101 1016 1196 quidem
1042 1127 1148 1172 causae
1170 1103 1252 1191 fuit,

179 1225 242 1270 cur
255 1205 402 1297 opinioni
420 1205 523 1275 abeis
541 1205 745 1302 pervulgatae
761 1222 828 1277 tam
844 1206 955 1278 vivide
970 1233 1156 1304 repugnare
1174 1225 1251 1278 ten·

172 1311 369 1380 taverimus.
393 1311 459 1381 Sed
482 1312 566 1382 adeo
585 1337 654 1382 non
675 1311 753 1400 soli,
773 1328 807 1383 et
832 1316 967 1410 proprio
991 1328 1120 1385 tantum
1145 1331 1251 1386 marte

178 1429 348 1485 certamen
374 1418 439 1488 hoc
463 1420 611 1507 iniimus,
633 1434 690 1506 ut,
717 1419 914 1490 adversante
934 1421 1031 1491 nobis
1054 1437 1089 1492 et
1110 1424 1249 1492 Monta-

178 1518 456 1610 nio¹,etFabro²,
473 1545 507 1594 et
520 1511 706 1612 Dacieria³,
722 1526 920 1597 auxilientur
940 1526 1068 1624 Baylius
1076 1521 1099 1616 ⁴,
1107 1543 1156 1617 et,
1173 1532 1251 1599 satis
1314 1541 1321 1550 '

177 1628 368 1699 mirandum
388 1629 515 1720 dicam,
537 1635 608 1727 ipsa
636 1619 820 1702 Dacieria⁵.
844 1637 884 1702 ln
911 1635 998 1704 notis
1018 1633 1143 1704 scilicet
1168 1660 1251 1730 quas

177 1733 408 1830 Adelphorum
429 1738 599 1809 comoediae
613 1739 753 1833 subjecit
767 1739 956 1814 doctissima
974 1739 1104 1818 mulier,
1120 1743 1251 1812 incusat

176 1841 370 1911 Terentium
390 1845 480 1940 quod
499 1871 596 1915 suum
610 1871 734 1915 nomen
755 1849 919 1942 Scipionis
937 1862 971 1916 et
983 1846 1075 1916 Laelii
1091 1850 1249 1920 carmini-

176 1945 243 2014 bus
263 1949 466 2046 inscripserit
489 1977 497 2020 :
522 1981 539 2018 α
562 1956 601 2022 Je
620 1955 702 2038 sais,
721 1953 865 2041 dit-elle,
883 1978 948 2047 qne
972 1951 1004 2022 la
1029 1952 1188 2024 modestie
1207 1955 1249 2023 de

181 2053 356 2125 «Te‘rence
374 2082 415 2146 en
432 2073 518 2128 cette
532 2061 685 2130 occasion
705 2084 746 2128 ne
763 2061 854 2128 vient
870 2061 905 2128 ni
919 2058 960 2128 de
976 2083 1035 2128 son
1048 2060 1248 2146 honndtetd,

180 2161 243 2226 «ni
261 2161 303 2229 de
320 2160 523 2259 l'enviequ'il
540 2167 629 2235 avait
644 2166 685 2234 de
697 2165 777 2234 faire
790 2165 901 2260 plaisir
918 2165 937 2234 d
954 2189 1004 2234 ses
1021 2167 1102 2234 amis
1114 2181 1146 2234 et
1163 2167 1180 2233 d
1197 2191 1248 2236 ses
1315 2223 1319 2230 .
1367 2217 1370 2225 ·

180 2295 200 2330 n
209 2264 438 2355 bienfaiteurs‚
452 2273 533 2341 mais
547 2270 634 2341 dela
649 2272 739 2341 force
754 2271 794 2341 dc
807 2271 838 2341 la
851 2269 993 2340 verite.»
1008 2273 1050 2342 In
1064 2271 1153 2340 notis
1163 2296 1247 2365 quas

177 2371 222 2440 de
243 2375 310 2444 vita
331 2379 476 2447 Terentii
497 2379 645 2474 scripsit,
664 2381 831 2449 contraria
855 2403 991 2474 prorsus
1022 2381 1068 2447 sic
1097 2380 1249 2447 enuntiat

177 2479 319 2558 eadem:
340 2511 356 2555 u
375 2483 403 2552 ll
422 2499 471 2554 est
488 2486 559 2554 vrai
575 2511 640 2581 que
662 2485 746 2555 dans
769 2484 815 2555 les
833 2484 1000 2580 Adelphes
1020 2483 1167 2554 Terence
1188 2485 1247 2554 fait

182 2615 200 2651 α
209 2586 278 2657 sort
289 2589 366 2658 bien
376 2615 412 2659 sa
427 2615 509 2660 cour
522 2592 540 2660 a
555 2594 689 2687 Scipion
704 2607 738 2660 et
750 2593 769 2660 a
783 2590 918 2677 Laelius3
932 2593 1013 2660 mais
1023 2590 1106 2660 dans
1117 2589 1248 2661 l'Hdau·

182 2723 199 2756 u
210 2697 527 2782 tontimorumenos,
539 2696 561 2766 il
581 2700 703 2768 n’avait
717 2723 777 2794 pas
791 2697 844 2768 dte'
862 2701 889 2768 si
906 2696 1138 2793 complaisant3
1155 2723 1212 2767 car
1224 2696 1247 2767 il

181 2800 258 2870 «dit
272 2828 337 2897 que
354 2802 433 2874 c'est
451 2830 515 2874 une
532 2802 714 2890 calomnia,
733 2819 767 2874 et
786 2804 807 2874 il
823 2807 895 2900 prie
906 2803 952 2874 les
967 2806 1128 2874 Romains
1145 2803 1187 2872 de
1205 2830 1247 2873 ne

182 2936 200 2972 α
210 2931 271 3002 pas
289 2907 425 2980 decuter
438 2909 485 2980 les
499 2925 613 2980 contes
631 2912 689 2982 des
703 2912 884 2981 mechants.
897 2941 916 2976 n
929 2913 970 2980 ln
986 2913 1074 2980 notis
1092 2910 1134 2979 de
1147 2909 1248 2980 Adel-

177 3003 324 3108 phorum
353 3017 533 3106 comoedia,
559 3017 671 3111 objicit
697 3042 828 3112 eaquae
854 3031 1060 3112 sequuntur:
1085 3046 1101 3080 a
1128 3014 1157 3085 ll
1182 3043 1203 3111 y
1227 3041 1247 3084 a

181 3119 383 3220 «beaucoup
398 3122 617 3220 d'apparence
631 3150 697 3219 que
714 3123 772 3195 des
787 3149 868 3218 gens
889 3125 975 3193 aussi
994 3122 1078 3218 polis
1097 3149 1162 3217 que
1177 3124 1246 3192 Sci·

181 3229 289 3322 «pion
299 3243 334 3298 et
345 3229 464 3300 Laelius
476 3231 608 3306 avaient
619 3230 792 3326 beaucoup
804 3229 845 3299 de
860 3245 937 3326 part
952 3231 970 3299 a
983 3255 1034 3299 ses
1049 3230 1176 3324 pidces3
1191 3253 1248 3297 car

182 3361 200 3397 α
209 3351 436 3405 commentun
450 3337 683 3432 Carthaginois
699 3326 838 3406 amali-il
852 3362 898 3432 pu
911 3361 951 3406 en
967 3338 994 3404 si
1008 3361 1072 3432 peu
1084 3335 1126 3404 de
1138 3350 1246 3429 temps

183 3455 356 3537 «attraper
372 3457 487 3514 toutes'
497 3444 544 3513 les
557 3443 692 3514 heautds
709 3459 743 3513 et
757 3457 864 3514 toutes
879 3442 925 3513 les
940 3465 1054 3538 graues
1070 3440 1167 3510 d’une
1181 3440 1248 3510 lan·

182 3573 274 3642 «gne
291 3549 378 3619 aussi
398 3549 612 3645 difficileque
630 3548 661 3619 la
678 3549 798 3645 langue
818 3547 967 3619 latine?¹‘
990 3551 1032 3616 Et
1047 3543 1179 3642 quidem
1199 3551 1246 3620 sic

222 3798 248 3832 ι.
266 3781 369 3843 Emis,
392 3781 438 3834 lib.
453 3781 549 3846 XVII,
563 3800 621 3852 cap.
638 3781 684 3849 39.
771 3777 1085 3848 4.1nsuodictionarin,
1107 3777 1141 3832 ad
1155 3797 1247 3832 rocem

178 3857 398 3914 consideratione
410 3878 455 3914 sur
465 3861 587 3918 Ciceron.
601 3861 687 3914 initio.
729 3861 888 3926 llousrrua,
902 3879 1025 3932 remarque
1039 3860 1068 3914 F.

220 3958 245 3991 a.
258 3941 299 3992 De
309 3940 430 3994 Terentii
442 3940 511 4005 vita,
524 3941 552 3994 in
565 3941 627 3994 line.
771 3941 797 3996 5.
810 3938 881 3992 Vide
896 3939 1014 4011 optimas
1028 3940 1109 4011 ipsias
1121 3949 1196 3992 notas
1210 3936 1244 3992 ad

219 4019 246 4071 3.
270 4019 347 4074 Nos:
360 4019 387 4073 iu
401 4017 584 4093 Adelphorum
598 4022 688 4093 prolo-
729 4021 809 4074 vitam
827 4021 962 4084 Terentii,
983 4038 1028 4074 seu
1048 4039 1080 4072 en
1099 4018 1243 4080 Suetonio,

179 4118 252 4170 gum
729 4119 777 4153 seu
792 4119 823 4153 cx
839 4101 952 4154 Donato.
