2928 4856
284 425 360 498 230
508 427 686 498 runnu
714 426 970 496 rnnsnru
998 391 1115 493 mm

542 655 765 745 scotti
798 653 1083 767 QUtNTA.

570 867 809 940 PYTHIA&
846 866 1057 934 DORIAS.

330 1081 444 1146 Prru.
457 1073 674 1144 Parmenonis
690 1087 757 1142 tam
778 1073 848 1141 scio
863 1095 935 1141 esse
953 1071 1042 1140 hanc
1058 1073 1231 1158 technam,
1249 1099 1359 1168 quam

439 1203 492 1248 me
511 1203 633 1247 vivere.

281 1295 387 1362 Dour.
405 1289 458 1356 sic
473 1299 531 1354 est.
547 1287 657 1354 Prrn.
670 1285 840 1353 Inveniam
858 1282 914 1378 pol
928 1283 1043 1372 hodie,
1056 1307 1173 1379 parem
1192 1285 1253 1354 ubi
1273 1286 1356 1354 rese

439 1417 510 1461 ram
528 1391 682 1486 gretiam.

279 1503 345 1574 Sed
365 1522 455 1570 nunc
476 1497 556 1594 quid
570 1496 756 1566 faciendum
776 1521 907 1584 censes,
923 1496 1066 1566 Dorias?
1078 1499 1186 1568 Doni.
1204 1499 1257 1566 De
1269 1498 1355 1570 istuc

437 1628 536 1701 rogus

280 1712 558 1809 VirgiuelPrrn.
568 1714 636 1798 lta,
648 1724 762 1778 utrum
773 1725 1013 1794 taceamne,m
1027 1709 1227 1805 praedicem?
1240 1713 1352 1782 Doni.

436 1821 488 1887 Tu
508 1816 584 1912 pol,
606 1819 634 1886 si
652 1817 755 1911 sapis,
1313 1862 1353 1900 ⁷²·

277 1927 379 2018 Quod
397 1927 460 1996 scis
471 1979 480 2013 ,
493 1925 617 2008 nescis,
632 1947 740 2018 neque
756 1921 797 1990 de
814 1922 984 2018 eunucho,
1001 1947 1108 2016 neque
1127 1923 1168 1992 de
1186 1926 1265 1994 vitio
1283 1927 1352 1993 vir·

437 2033 530 2127 ginis.
597 2049 600 2058 '

318 2263 384 2317 717.
401 2241 558 2294 Parmenonis
580 2259 629 2291 esse
647 2239 709 2290 lianc
726 2239 790 2288 tecla·
834 2237 946 2290 luvertit
961 2239 1037 2291 Beut.
1053 2251 1101 2290 atr.
1120 2241 1201 2308 proed.
1228 2261 1260 2291 aa
1283 2255 1354 2313 taem

277 2345 340 2378 aaut
355 2323 428 2374 Hauc
440 2339 490 2394 per
502 2319 634 2389 Syllepsin
649 2357 656 2380 ‚
671 2337 721 2389 pro
732 2319 788 2378 loc,
835 2317 872 2369 sic
884 2315 1049 2388 judicans,iu
1058 2318 1269 2374 consideratione
1283 2341 1349 2374 oon-

277 2401 365 2476 (quod
391 2401 419 2454 iu
442 2398 525 2453 domo
545 2409 635 2450 nostru
655 2410 792 2468 perpetra·
835 2395 1351 2472 siliummelius‚hoclocotacendi,poni

276 2499 333 2537 tum
349 2469 408 2550 est)
420 2512 460 2523 -
469 2478 550 2548 Quam
564 2479 699 2538 meminere,
711 2494 791 2547 quam
834 2477 918 2528 solere
933 2478 1073 2548 posterius.
1091 2478 1144 2531 Sed
1158 2477 1206 2532 hic
1220 2499 1274 2533 non
1293 2495 1348 2533 tam

277 2564 332 2618 seio
347 2579 390 2614 me
401 2560 500 2612 rivere.
833 2569 918 2626 poetae
929 2557 1036 2628 ingenio
1046 2556 1093 2610 sed
1103 2571 1205 2611 suomet
1213 2559 1310 2632 ipsius,
1319 2575 1349 2613 ut

315 2642 380 2712 718.
395 2638 517 2691 Inveniam
529 2637 575 2706 pol
583 2635 668 2697 lodie,
691 2647 740 2688 etc.
756 2637 789 2686 lu
833 2653 900 2708 supe
913 2637 985 2700 nlius,
999 2636 1139 2690 indulsisse
1152 2637 1267 2693 videtur.
1279 2640 1350 2694 Nam

275 2720 367 2775 Bemb.
384 2731 410 2771 et
430 2716 554 2770 omnilius
567 2716 622 2768 fere
637 2714 685 2767 lib.
697 2715 788 2786 script.
832 2715 962 2769 refellitur
974 2716 1017 2768 vir
1029 2735 1138 2788 mugnus
1151 2737 1183 2771 ex
1203 2719 1262 2772 loco
1277 2720 1348 2773 infra

274 2803 311 2855 sic
333 2799 450 2872 palante
470 2796 540 2849 lodie
564 2793 724 2848 collocatum
742 2805 788 2847 est.
833 2794 1347 2866 v.97r,iereeodem.Perl.Beutleium

274 2881 329 2936 Alii
340 2877 418 2940 indu,
428 2895 511 2946 pamm
525 2875 566 2927 ubi
575 2875 627 2945 pol.
641 2907 681 2916 -
691 2871 733 2926 Sia
743 2887 788 2938 ast,
831 2875 910 2928 Both.
927 2877 1056 2947 sequitur.
1072 2909 1111 2920 -
1123 2876 1265 2931 Prndicem.
1281 2881 1348 2942 Alii,

275 2973 306 3015 ut
320 2957 476 3012 cieverunt
491 2967 539 3008 est.
554 2953 787 3007 -Iamiamabt
827 2957 970 3024 proedr'cam.
986 2987 1027 2997 -·
1041 2955 1097 3020 Ita,
1115 2971 1165 3010 ete.
1181 2958 1200 3010 i.
1217 2977 1241 3011 e.
1264 2959 1346 3031 Rogo.

274 3039 414 3099 luveniam
426 3039 531 3106 ternpus
542 3047 743 3106 opportunum,
760 3039 787 3087 in
832 3065 871 3075 -
885 3033 971 3088 Uenno
984 3047 1112 3088 taceamne.
1121 3036 1243 3090 Tertium
1252 3043 1346 3109 erupui-

276 3139 338 3194 quo.
353 3148 393 3162 --
405 3116 494 3168 Parem
503 3118 604 3183 restrum
614 3117 730 3184 gratiam.
745 3115 786 3168 Cs.
830 3133 881 3168 aas.
894 3113 1020 3169 Abundat
1036 3117 1107 3168 enim
1120 3129 1165 3168 aut
1187 3129 1285 3182 atram,
1299 3131 1349 3172 sut

274 3193 647 3271 enprevs.39o,pag.181.
669 3193 786 3247 Donatus
829 3208 935 3247 ouant
948 3207 1019 3249 certe
1033 3194 1084 3248 hoc
1095 3193 1145 3259 fit,
1170 3194 1347 3269 utsitliguru

273 3279 400 3338 admouet
409 3275 480 3329 huno
493 3293 547 3328 esse
556 3273 739 3345 προοικονομῖαν
752 3273 787 3327 ad
829 3277 928 3346 τμῆσις.
942 3275 1035 3327 Dortat.
1044 3297 1084 3311 ·-
1094 3275 1138 3328 sie
1149 3275 1242 3331 Horat.
1253 3277 1343 3349 Epotl.

273 3361 393 3416 futurum
404 3355 503 3408 exitum
518 3355 628 3416 tributu
642 3353 709 3406 Natu
720 3351 784 3406 dum
828 3355 874 3425 1‚7
883 3355 1347 3429 sq.·Utrumnejussipersequerunr

272 3439 368 3512 pergit,
381 3435 520 3490 ulciscitur
532 3430 658 3506 Pythias,
672 3431 703 3484 lit
713 3432 785 3486 indi·
828 3433 912 3514 otium
926 3435 987 3488 Non
1003 3433 1093 3499 dulce,
1104 3436 1132 3487 ni
1143 3449 1232 3488 tecum
1243 3437 1346 3490 simul?

272 3520 342 3574 oium
355 3515 424 3589 petri
435 3513 564 3580 chersa,
585 3526 611 3565 et
622 3511 784 3567 confirman·
829 3515 870 3565 An
883 3514 955 3567 hunc
968 3515 1099 3580 laborem,
1115 3527 1184 3567 ete..
1195 3549 1234 3559 -.
1244 3517 1345 3571 Pmou-

274 3612 318 3652 tur
331 3595 440 3669 nuptia.
827 3611 894 3657 cem,
912 3595 940 3645 in
953 3595 1043 3648 lucem
1056 3595 1201 3665 proferam·

312 3695 378 3748 7¹9·
404 3675 499 3728 Cema.
515 3671 627 3724 Veteres
656 3667 719 3725 edd.
746 3674 784 3726 sic
868 3691 935 3742 7²¹·
953 3675 1029 3744 Quod
1039 3678 1094 3727 scis.
1109 3673 1160 3729 Ms.
1171 3673 1252 3728 Lind.
1269 3691 1297 3730 et
1312 3679 1343 3731 C,

271 3760 370 3829 legunt.
386 3750 466 3808 Multi
477 3753 522 3806 alii
531 3751 784 3824 suadesrntrumque
827 3751 861 3805 G.
880 3752 923 3805 ch.
937 3759 1015 3816 scias,
1030 3771 1180 3826 perperam.
1194 3787 1235 3798 —
1247 3757 1343 3811 Nescis,

272 3837 368 3911 probat
380 3835 455 3887 Bent.
467 3865 507 3876 —
518 3831 559 3884 De
566 3835 626 3884 istac
635 3851 715 3902 rogas.
728 3833 782 3884 Au·
827 3831 949 3906 Gnyetns
963 3835 1013 3904 tegi
1027 3835 1083 3886 vult
1093 3835 1204 3888 nescivel
1213 3855 1245 3887 m
1253 3841 1343 3890 sei.-

272 3917 364 3988 tesign.
385 3926 411 3966 et
443 3911 485 3966 etl.
504 3912 600 3984 Delph.
621 3912 651 3966 de
669 3915 729 3964 istu
748 3931 783 3964 me
829 3913 905 3983 Quod
912 3917 969 3978 scis,
981 3919 1064 3966 nucu.
1074 3912 1236 3970 indicativus
1244 3915 1344 3972 modus

273 4015 352 4068 ngas.
826 4011 876 4062 pro
888 3993 1045 4064 imperativo
1056 3997 1132 4056 uari,
1149 4008 1179 4047 nt
1188 4013 1281 4050 neuma
1293 3999 1341 4051 sit:

310 4093 377 4146 7²⁰·
389 4073 475 4128 Utrum
486 4085 621 4134 emam,
631 4091 663 4124 aa
673 4071 752 4142 prad.
767 4079 781 4122 t
826 4071 898 4142 quod
917 4073 978 4138 seis,
996 4074 1091 4126 simule
1104 4086 1130 4126 te
1146 4076 1261 4130 uoeoire.
1273 4076 1342 4128 Part.
