2926 4858
255 381 340 430 xcvr
416 355 631 426 DANIELIS
658 353 829 425 HEINSlI
856 353 1167 426 DlSSERTATIO.

256 489 455 576 Comoediae3
468 513 577 585 neque
592 489 703 558 minus
721 489 850 560 Comici
869 481 1055 558 διδάσκαλοι
1073 503 1108 559 et
1121 481 1327 582 soporatae

257 606 364 685 καλοι,
382 621 483 692 quam
503 596 651 691 Tragici,
667 620 688 664 a
705 595 832 666 Graecis
852 595 1019 666 dicuntur.
1042 598 1115 668 Nec
1133 621 1270 666 movere
1287 597 1329 664 ri·

257 730 330 774 sum
350 727 428 773 sane
445 703 616 773 constituit
632 701 858 788 Comoediam,
876 702 934 772 sed
952 701 1058 798 plebis
1079 706 1260 798 aucupium
1278 718 1331 772 est

258 825 293 880 et
310 810 440 880 abusus.
463 809 550 878 Nam
569 807 763 896 ridiculum,
783 824 821 878 ut
840 824 930 879 recte
947 809 1157 897 Aristoteles,
1181 811 1329 879 «vitium

256 932 308 987 est
323 931 358 986 et
374 914 521 1004 soeditas,
538 914 662 984 doloris
674 940 811 1010 expers3
826 941 898 1012 quae
913 930 1042 1011 partem
1057 918 1092 984 in
1114 917 1251 986 homine
1266 913 1328 984 ali-

258 1049 359 1120 quam
382 1023 568 1114 corrumpit
588 1021 714 1116 absque
735 1023 894 1092 morbo.»
918 1023 1013 1092 Sicut
1034 1021 1122 1092 foeda
1144 1037 1179 1092 et
1198 1022 1331 1094 detorta

259 1131 377 1218 facies,
392 1131 419 1200 si
436 1127 530 1196 nullo
550 1153 627 1198 cum
649 1127 765 1198 dolore
782 1129 848 1199 hoc
868 1129 943 1216 liat,
962 1129 1064 1198 risum
1085 1143 1210 1198 movet.
1229 1127 1331 1198 Unde

258 1238 369 1332 ipsum
388 1259 521 1330 quoque
542 1236 645 1304 risum
667 1260 784 1306 omncs
805 1235 875 1306 fere
896 1236 1116 1329 antiquissimi
1134 1233 1332 1330 Philosophi

259 1343 434 1436 indignum
460 1343 608 1436 sapiente
633 1341 837 1434 judicarunt.
856 1341 950 1412 Adeo
972 1355 1012 1410 ut
1036 1339 1149 1426 Plato,
1171 1356 1332 1436 tanquam

261 1447 475 1542 sacrilegum,
488 1447 664 1517 traducere
675 1474 744 1517 nou
756 1447 886 1518 dubitet
898 1451 1100 1536 Homerum,
1112 1449 1169 1542 qui
1184 1447 1334 1516 ridentes

262 1553 448 1624 introduxit
471 1555 563 1624 Deos
583 1554 701 1648 :quod
721 1555 756 1624 in
777 1555 913 1625 homine
933 1579 1003 1623 non
1028 1563 1086 1633 τῆς
1112 1552 1195 1622 κατὰ
1220 1555 1332 1649 λόγον,

264 1685 383 1730 verum
400 1671 460 1739 ras
487 1662 559 1729 κατ’
580 1660 733 1742 αἴσθησιν,
752 1659 1034 1755 quemadmodum
1062 1659 1256 1755 Philosophi
1284 1655 1343 1727 lo·.

263 1782 431 1862 quuntur,
452 1757 614 1844 διαθέσεως
633 1767 677 1835 sit
696 1768 845 1862 signum3
862 1791 882 1836 a
902 1792 967 1862 qua
988 1765 1086 1862 louge
1106 1767 1200 1836 abest
1218 1769 1334 1836 Deus:

264 1877 342 1949 αὐτὴ
364 1880 383 1949 ἡ
403 1873 492 1942 οὐσία
507 1875 623 1968 λόγου,
640 1872 693 1942 καὶ
711 1875 868 1954 οὐτόνους.
892 1873 992 1945 Unde
1013 1873 1177 1968 'lhespisr

383 2092 449 2172 ὁρᾷς
463 2101 500 2154 ὅτι
513 2101 573 2163 Ζὼς
585 2097 653 2174 τῷδε
670 2105 789 2176 spurcha
802 2111 874 2166 θεῶν,

383 2200 421 2251 ot
437 2193 540 2268 ψεῦδος,
551 2195 610 2254 cttt
622 2219 734 2272 κομπον,
744 2206 770 2256 οὔ
786 2205 864 2276 μωρὸν
875 2207 951 2274 γέλων

384 2285 489 2354 donar,
501 2296 529 2349 ri
542 2293 569 2348 δ’
582 2291 632 2354 ἡδὺ
648 2304 735 2368 μοῦνος
745 2300 790 2354 οὐκ
803 2300 947 2353 ἐπίσταται.

265 2499 379 2587 Quare
393 2471 550 2568 divinitus
564 2498 607 2568 ab
620 2501 797 2572 Aristotele
810 2503 936 2574 dictum
953 2518 1020 2592 est,
1036 2521 1165 2600 partem
1186 2509 1338 2603 turpitu-

146 2675 150 2706 Ι,
266 2605 353 2674 dinis
371 2629 458 2692 esse,
484 2605 519 2673 id
539 2606 630 2701 quod
659 2623 709 2678 est
730 2608 918 2680 ridiculum.
936 2611 1068 2680 Diserte
1093 2615 1181 2683 enim
1201 2617 1266 2698 ait,
1285 2617 1338 2682 ὅτι

266 2711 305 2778 τὸ
319 2717 451 2804 γελοῖον,
466 2712 570 2807 μόριον
586 2724 643 2782 τοῦ
658 2716 785 2808 αἰσχροῦ
806 2720 902 2784 ἐστιν.
924 2719 991 2803 Ita,
1007 2742 1081 2813 quaa
1098 2718 1151 2788 vel
1170 2721 1205 2788 in
1225 2720 1339 2790 verbis

266 2831 441 2886 auctorum
453 2817 506 2886 vel
519 2819 686 2910 sensibus,
700 2822 754 2891 vel
764 2824 800 2890 in
816 2848 969 2892 sermone
983 2824 1155 2895 hominum
1175 2840 1209 2895 ct
1223 2825 1338 2908 factis,

266 2938 326 2991 aut
349 2923 479 2993 detorta
506 2940 584 2995 sunt
609 2941 668 2996 aut
692 2928 891 3024 depravata,
911 2931 1039 3001 animos
1067 2931 1213 3028 plebeios
1233 2933 1341 3002 vehe-

267 3045 397 3099 menter
411 3045 565 3120 movent,
575 3047 609 3101 et
623 3033 689 3104 hoc
702 3036 774 3130 ipso
789 3037 892 3105 risum
906 3050 944 3105 ut
957 3036 1137 3133 plurimum
1154 3040 1339 3109 excutiunt.

266 3136 415 3231 ldeoque
436 3137 590 3206 inusitata
609 3139 699 3210 dicta
726 3156 760 3212 et
778 3143 952 3227 obscoena,
977 3147 1181 3240 optimorum
1203 3144 1339 3214 cavilla·

268 3244 385 3328 tiones,
399 3241 604 3337 singulorum
618 3247 847 3338 contumelias,
860 3252 1037 3332 sententias
1050 3275 1233 3348 perversas,
1246 3252 1340 3322 ideo-

269 3375 334 3444 que
347 3350 605 3446 inexspectatus,
620 3353 749 3450 aliaque
771 3356 806 3424 id
828 3381 931 3451 genus
944 3349 1064 3453 (qualis
1080 3359 1219 3428 imitatio
1234 3358 1343 3428 dicto-

268 3481 344 3524 rum
365 3456 418 3525 vel
441 3457 629 3549 factorum,
649 3476 684 3530 et
705 3463 856 3557 inprimis
875 3454 1126 3558 improborum)
1148 3467 1251 3535 risum
1267 3490 1341 3535 ma-

157 3577 161 3587 “
250 3563 357 3630 ¹nime
375 3565 416 3632 in·
428 3566 618 3656 Comoedia,
638 3593 739 3662 quam
761 3572 917 3640 Veterem
945 3569 1115 3660 dicebant,
1141 3574 1344 3668 expressisse

269 3681 409 3737 constat.
431 3671 533 3760 Quod
551 3672 757 3768 intelligunt,
774 3677 830 3770 qui
846 3677 980 3773 genium
997 3677 1129 3749 ridiculi
1150 3677 1346 3774 intelligunt

271 3788 371 3868 atque
385 3774 540 3848 indolem.
557 3780 662 3874 Cujus
681 3797 826 3876 segetem
849 3783 1067 3878 largissimam
1090 3785 1141 3855 vel
1166 3811 1252 3856 unus
1271 3788 1346 3856 hri·

270 3880 449 3976 stophanes
472 3887 674 3980 suppeditat,
684 3890 753 3978 Qui
769 3915 839 3960 non
861 3890 963 3960 niodo
979 3891 1153 3982 Plautum,
1168 3893 1227 3963 sed
1245 3918 1350 3988 quos·

270 3989 491 4083 cumquehac
506 3992 540 4060 in
556 4008 651 4087 parte
669 3999 853 4090 superavit,
870 4009 1122 4094 omnesquerou
1134 4000 1255 4095 γελοίου
1274 4029 1350 4090 ηοο-ι
