3000 4866
307 416 375 486 DE
402 413 667 486 TRAGOEDIA
694 417 752 488 ET
778 415 1032 488 COMOEDIA.
1118 441 1205 491 xum

127 573 244 620 versus
262 547 434 618 duntaxat
452 547 487 616 in
505 546 652 624 secundo
674 560 708 616 et
729 561 849 642 quarto
863 545 959 633 loco;
972 561 1084 619 tamen
1101 575 1121 620 a
1137 553 1205 622 Te·

128 658 236 728 rentio
250 657 442 726 vincuntur
450 651 649 724 resolutione
662 651 761 746 hujus
777 655 892 741 metri,
903 669 1064 749 quantum
1079 671 1204 752 potest,

131 763 333 835 comminuti
355 761 397 830 ad
415 761 592 855 imaginem
617 785 723 855 prosae
746 761 915 832 orationis.
933 764 1019 832 Turn
1044 785 1222 857 persone-¹

134 895 205 940 rum
216 868 312 964 leges
326 869 417 938 circa
429 865 600 951 habitum,
614 881 762 953 aetatem,
771 867 1057 962 officium,partes
1069 871 1206 966 agendi,

135 1001 231 1047 nemo
265 973 459 1070 diligentius
489 974 644 1044 Terentio
670 974 861 1045 custodivit.
891 976 1082 1064 Quinetiam
1117 976 1207 1050 solus

136 1107 232 1156 ausus
252 1096 325 1168 est,
344 1106 446 1176 quum
466 1081 500 1150 in
513 1080 599 1152 fictis
617 1082 821 1176 argumentis
838 1079 939 1152 fidem
954 1083 1109 1175 ,veritatis
1119 1107 1207 1153 asse-

137 1203 308 1284 queretur,
327 1191 429 1257 etiam
447 1202 565 1259 contra
588 1190 782 1284 praescripta
798 1189 927 1259 comica
949 1190 1140 1260 meretrices
1151 1192 1207 1259 in-
1325 1214 1334 1237 t

138 1296 269 1366 terdum
296 1319 366 1365 non
384 1292 488 1364 malas
505 1294 734 1379 introducere;
752 1294 873 1390 quibus
890 1309 1020 1382 tamen,
1036 1321 1097 1366 cur
1109 1281 1207 1367 More

137 1404 219 1487 sint,
231 1415 268 1472 et
275 1400 432 1496 voluptas
448 1402 627 1496 peripsum
643 1416 677 1473 et
695 1425 795 1472 causa
812 1427 881 1474 non
895 1401 987 1475 desit.
1007 1404 1087 1474 llaec
1102 1428 1207 1499 quum

138 1508 407 1582 artificiosissima
428 1509 602 1578 Terentius
630 1509 762 1596 fecerit,
777 1522 848 1579 tum
867 1506 948 1578 illud
970 1523 1020 1580 est
1043 1509 1208 1580 admiren-

137 1614 236 1700 dum,
257 1614 352 1712 quod
370 1627 405 1684 et
421 1639 551 1685 morem
573 1617 727 1698 retinuit,
741 1629 779 1686 ut
796 1614 1004 1686 Comoediam
1025 1617 1205 1687 scriberet:

138 1737 170 1792 et
177 1722 380 1818 temperavit
391 1721 568 1809 affectum,
582 1747 625 1792 ne
637 1723 671 1792 in
687 1721 897 1820 Tragoediam
912 1721 1209 1814 transiliretQuod

137 1853 214 1900 cum
227 1828 301 1901 aliis
314 1828 416 1898 rebus
428 1829 562 1905 minime
576 1828 752 1904 obtentum
766 1844 800 1899 et
813 1853 834 1898 a
848 1827 989 1914 Plauto,
1006 1843 1042 1899 et
1054 1830 1097 1899 ab
1114 1831 1209 1900 Afra-

137 1937 212 2020 nio,
229 1949 264 2006 et
283 1937 407 2028 Accio,
431 1949 466 2004 et
488 1933 600 2006 multis
618 1936 687 2008 fere
706 1936 835 2031 magnis
853 1936 988 2006 comicis
1009 1937 1206 2006 invenimus.

137 2041 226 2112 lllud
252 2065 389 2138 quoque
407 2042 500 2111 inter
527 2043 742 2112 Terentianus
766 2043 905 2112 virtutes
927 2040 1093 2129 mirabile,
1120 2043 1211 2137 quod

137 2148 206 2242 ejus
224 2148 349 2218 fnhulae
366 2173 406 2218 eo
420 2162 498 2219 sunt
514 2162 795 2244 temperamento,
813 2161 850 2216 ut
863 2171 970 2241 neque
981 2160 1209 2218 extumescunt

137 2256 177 2326 ad
199 2257 365 2351 tragicam
385 2252 631 2343 celsitudinem,
650 2279 759 2349 neque
771 2252 971 2348 abjiciantur
985 2253 1028 2322 ad
1041 2255 1207 2324 mimicam

139 2360 313 2432 vilitatem.
331 2359 442 2448 Adde,
459 2361 551 2456 quod
565 2360 648 2433 nihil
666 2362 856 2432 abstrusum
870 2360 912 2430 ab
927 2385 968 2430 eo
983 2361 1136 2455 ponitur,
1150 2375 1210 2430 aut

138 2468 228 2562 quod
246 2467 292 2538 ab
310 2467 476 2538 historicis
497 2467 734 2563 requirendum
752 2469 816 2537 sit:
836 2466 926 2562 quod
941 2469 1061 2563 saepius
1074 2467 1211 2538 Plautus

139 2573 236 2658 fecit,
253 2589 290 2644 et
311 2598 354 2644 eo
376 2588 426 2644 est
452 2573 626 2644 obscurior
646 2577 681 2644 in
700 2573 851 2671 pluribus
869 2573 959 2644 locis.
986 2574 1099 2663 Adde,
1120 2575 1211 2670 quod

140 2680 328 2776 argumenti
344 2705 383 2749 ac
399 2679 473 2774 styli
489 2682 535 2755 ita
548 2695 673 2754 attente
684 2705 813 2751 memor
828 2694 893 2766 est,
908 2695 1123 2777 utnusquam
1142 2707 1211 2752 non

140 2790 283 2870 caverit,
305 2801 365 2855 aut
384 2787 578 2858 curaverit⁹
601 2811 655 2872 ea,
678 2811 752 2881 quae
776 2788 893 2858 obesse
913 2801 1113 2882 potuerunt:
1135 2801 1207 2857 tum

140 2893 230 2988 quod
243 2893 354 2964 media
369 2894 483 2989 primis
497 2908 597 2989 atque
612 2895 788 2989 postremis
799 2895 846 2963 ite
861 2896 996 2984 nexuit,
1009 2893 1140 2965 utnihil
1156 2894 1209 2963 ad·

140 2999 244 3070 ditum
268 2998 384 3087 alteri,
401 2998 460 3070 sed
472 3014 589 3096 aptum
608 3025 650 3072 ex
664 3025 698 3070 se
719 3015 845 3084 totum,
860 3015 894 3069 et
910 3025 979 3071 uno
999 3025 1141 3096 corpore
1161 3001 1212 3070 vi·

141 3105 257 3176 deatnr
287 3131 359 3176 esse
381 3107 613 3201 compositum.
643 3105 732 3178 Illud
759 3131 892 3202 quoque
922 3106 1074 3178 mirabile
1106 3109 1140 3178 in
1170 3133 1211 3176 eo

142 3215 264 3306 primo,
284 3211 376 3308 quod
391 3214 520 3286 nonita
533 3214 650 3285 miscet
665 3237 824 3314 personas
839 3227 993 3308 quatuor,
1009 3229 1047 3284 ut
1065 3214 1208 3284 obseura

142 3320 181 3390 sit
198 3344 314 3390 earum
335 3319 513 3390 distinctio.
529 3321 574 3390 Et
585 3321 665 3390 item
685 3319 775 3415 quod
791 3317 876 3390 nihil
891 3321 933 3392 ad
947 3321 1109 3416 populum
1127 3319 1208 3389 facit

144 3441 304 3514 actorem,
322 3425 416 3498 velut
436 3451 478 3496 ex
498 3425 678 3522 tragoedia,
704 3426 822 3521 loqui:
848 3427 938 3522 quod
959 3428 1076 3496 vitium
1103 3423 1209 3495 Plauti

146 3531 448 3629 fteqrrentissimum
475 3547 532 3602 est.
549 3532 638 3605 Illud
658 3533 756 3610 etiam
777 3535 864 3602 inter
885 3545 1005 3602 caetera
1025 3531 1096 3624 ejus
1115 3529 1211 3602 laude

146 3635 274 3735 dignum
298 3639 447 3727 videtur,
462 3639 553 3733 quod
568 3637 784 3736 locupletiora
800 3651 996 3735 argumenta
1010 3663 1051 3707 ex
1066 3636 1209 3734 duplici·

144 3742 200 3818 bus
213 3748 360 3845 negotiis
381 3743 544 3840 delegerit
558 3746 601 3817 ad
616 3746 838 3828 scribendum.
862 3747 968 3832 Nam,
982 3759 1120 3840 excepta
1141 3749 1211 3814 He·

139 3875 228 3949 cyra,
246 3858 283 3928 in
302 3877 376 3950 qua
400 3853 499 3924 unius
518 3852 682 3950 Pamphili
706 3877 802 3924 amor
825 3865 892 3939 est,
913 3865 1039 3923 caeterae
1063 3853 1210 3946 quinque

166 4135 194 4186 9.
206 4114 267 4171 Non
281 4109 392 4170 raserit,
401 4111 445 4157 ascl
458 4108 579 4160 comerio.
590 4103 641 4160 tto.
653 4105 933 4168 Denmonamcarerir,
945 4115 989 4156 ant
997 4104 1123 4154 curaverit.
1131 4101 1210 4166 Lind.
