3000 4866
466 357 602 426 NOVI
630 357 896 426 EDITORlS.
1109 385 1217 450 xxxin
1325 347 1329 356 ⁵

192 489 285 558 Dum
301 489 411 558 utitur
425 513 506 560 voce
513 488 741 585 putabantur,
756 514 867 558 nonne
884 488 1008 561 indicat
1024 490 1216 586 hpinionern

145 594 232 664 illam
249 593 440 664 obsoletam
454 594 543 666 esse?
556 621 629 690 quae
647 597 675 665 si
689 595 799 664 adhuc
816 596 1008 683 exstitisset,
1029 597 1116 668 idem
1137 603 1217 670 scri·

145 705 262 796 psisset
273 717 469 797 ρωπος
485 701 538 772 vel
565 697 676 797 potius
702 702 839 771 omnino
861 703 1036 786 tacuisset,
1063 706 1215 799 quando-

146 807 277 902 quidem
296 808 380 878 dicit
397 809 463 880 hoc
482 811 517 878 in
535 807 667 894 laudem
678 809 843 897 Terentii,
862 808 920 902 qui
947 809 1065 904 insigni
1082 810 1214 883 dicendi

148 937 266 1008 genere
284 914 397 984 locum
419 915 496 986 huic
516 899 622 984 errori
635 915 772 985 fecisset.

197 1022 363 1090 Prmterea
380 1045 461 1090 num
479 1019 690 1109 Plutarchus,
706 1035 765 1090 aut
786 1021 928 1114 scriptor
947 1020 1004 1116 qui
1024 1023 1129 1092 vitam
1152 1027 1216 1095 Sci·

147 1127 251 1219 pionis
277 1126 374 1198 nohis
393 1126 547 1216 tradidit,
566 1126 688 1198 oblitus
708 1141 795 1199 esset
817 1126 927 1196 facere
948 1130 1153 1198 mentionem
1174 1131 1216 1200 de

146 1233 207 1300 viri
221 1231 360 1319 fabulis,
376 1235 403 1303 si
421 1235 533 1329 opinio
548 1234 590 1304 de
603 1259 669 1328 qua
679 1234 807 1328 agimus
823 1235 857 1302 in
873 1232 983 1328 aliquo
996 1234 1124 1305 honore
1144 1236 1219 1307 fuis·

148 1337 216 1407 set?
234 1340 351 1428 Quum
369 1339 481 1412 laudat
496 1342 657 1436 Scipionis
674 1341 864 1435 pueritiam,
880 1337 1027 1436 lepidum
1040 1341 1110 1435 ejus
1127 1345 1219 1438 inge·

148 1446 238 1513 nium
256 1461 291 1514 et
301 1446 465 1539 judicium
480 1461 613 1516 acutum
630 1441 804 1542 p'raedicat,
819 1445 909 1516 nulla
927 1445 1110 1518 litterarum
1130 1475 1218 1520 men·

148 1552 235 1619 tione
250 1551 349 1623 facta.
375 1553 469 1622 Idem
491 1556 644 1650 scriptor,
669 1553 749 1622 dum
769 1552 899 1624 confert
927 1555 1114 1649 Scipionem
1139 1582 1218 1626 cum

147 1657 325 1746 Annibale,
342 1658 385 1729 de
400 1660 466 1730 hoe
480 1660 579 1731 dicit
603 1658 805 1755 “Quelques
826 1684 889 1730 uns
910 1662 1077 1730 esurirent
1096 1687 1140 1756 qu
1142 1659 1215 1732 ⁹·An

151 1763 265 1833 «nibal
288 1767 388 1836 estoit
407 1781 480 1836 tant
494 1791 590 1837 verse
607 1793 642 1838 es
660 1766 772 1836 lettres
793 1789 970 1862 grecques,
983 1793 1027 1862 qu
1030 1766 1062 1836 ’il
1080 1771 1215 1839 escrivit

152 1895 242 1939 aune
265 1871 402 1942 histoire
423 1899 465 1942 en
482 1873 601 1968 langue
624 1897 776 1968 grecque.
797 1902 814 1938 u
825 1865 973 1943 Cicero
964 1899 999 1942 in
1015 1874 1101 1943 libro
1117 1901 1220 1970 quern

149 1977 278 2071 scripsit
290 1978 775 2066 deAmicitia,inducitLaelium
786 1979 943 2048 citantem
957 2004 1090 2050 versum
1105 2007 1219 2076 quern·

148 2081 223 2150 dam
245 2087 391 2155 Terentii
413 2085 581 2156 familiaris
605 2087 701 2155 etita
721 2084 911 2180 loquentem
931 2110 938 2152 :
966 2115 984 2150 u
1005 2088 1116 2155 nescio
1141 2113 1220 2180 quo·

148 2189 246 2260 modo
263 2215 381 2260 verum
398 2207 465 2282 est,
484 2192 575 2287 quod
597 2195 632 2262 in
649 2191 775 2262 Andria
794 2189 965 2260 familiaris
980 2216 1074 2260 meus
1101 2195 1221 2262 Teren-

150 2297 211 2365 u'us
228 2296 335 2367 dixit:

366 2406 574 2501 Obsequium
589 2407 864 2493 amicos,treritas
881 2405 994 2476 odium
1006 2407 1103 2502 parit.
1118 2435 1136 2472 »

198 2511 379 2583 Moxidem
394 2513 514 2584 Laelius
532 2515 676 2584 Terentii
693 2515 888 2583 auctoritate
906 2514 1038 2600 nititur,
1058 2538 1161 2608 quum
1173 2512 1220 2581 di

151 2615 210 2683 cit:
224 2619 288 2685 rin
309 2619 469 2714 obsequio
489 2635 619 2707 autem,
641 2621 798 2714 quoniam
820 2621 1019 2729 Terentiano
1045 2619 1149 2688 verbo
1170 2618 1219 2689 lu

151 2719 264 2791 benter
287 2728 424 2814 utimur,
446 2729 584 2800 comitas
599 2727 693 2796 adsit.
712 2755 731 2791 t>

200 2832 288 2899 Num
304 2833 421 2903 Cicero
433 2832 597 2903 Laelium
588 2847 634 2902 rta
648 2831 837 2927 loquentem
858 2828 1094 2918 induxisset,
1069 2857 1095 2901 si
1118 2835 1220 2902 Poeta

147 2933 261 3005 suisset
276 2963 362 3008 unus
382 2964 423 3008 ex
439 2940 477 3008 iis
495 2940 560 3035 qui'
572 2941 745 3034 supposito
766 2939 899 3007 nomine
918 2937 1023 3006 aliena
1042 2962 1144 3034 opera
1165 2939 1218 3008 su-

146 3043 289 3116 mntur?
304 3046 467 3142 Praeterea
487 3069 568 3114 num
590 3046 790 3116 exhibuisset
810 3042 947 3114 Laelium
964 3045 1066 3115 verba
1086 3069 1146 3114 sua
1170 3048 1218 3139 ip-

145 3155 216 3222 sius
234 3153 408 3237 citantem,
427 3167 543 3222 contra
561 3151 768 3222 verecundia
785 3165 819 3220 et
841 3149 1009 3220 modestia
1027 3149 1137 3246 leges?
1154 3143 1220 3219 Sed

143 3285 215 3354 quo
233 3260 355 3328 rectius
371 3259 520 3353 judicare
537 3261 703 3353 possimus
728 3257 769 3326 de
792 3256 1048 3351 exprobratione
1065 3258 1219 3326 Terentio

143 3366 285 3453 facta,ii
297 3365 445 3459 primunr
460 3364 628 3459 quaerendi
641 3379 736 3452 sunt,
751 3389 834 3458 quos
847 3362 999 3433 malevoli
1015 3362 1222 3431 contendunt

140 3495 213 3540 una
223 3497 299 3540 cum
308 3473 412 3542 Poeta
421 3470 941 3564 collaboravisse.Tres,quatuor,
948 3467 1000 3537 vel
1011 3470 1110 3537 etiam
1124 3471 1219 3564 quin·

141 3603 211 3672 que
220 3577 333 3647 abillis
347 3578 572 3647 nominantur.
587 3579 673 3646 Ante
689 3578 800 3646 omnia
810 3575 1117 3651 animadvertamus¹
1127 3599 1219 3670 egre·

141 3687 232 3778 giam
255 3682 405 3752 fabulam
429 3708 496 3754 non
518 3685 580 3753 nisi
601 3683 643 3752 ab
665 3709 742 3771 uno¹
759 3683 942 3776 eodemque
965 3682 1099 3751 homine
1124 3707 1221 3777 posse

141 3793 334 3884 proficisci3
354 3803 390 3860 et
411 3787 537 3860 fabulas
558 3815 632 3884 quae
651 3791 768 3861 eodem
788 3787 920 3859 dicendi
947 3813 1082 3883 genere,
1106 3787 1222 3857 eadem

184 4048 211 4082 r.
226 4029 405 4091 Plutarchus,
417 4024 469 4080 vita
483 4025 621 4098 Scipionis.

194 4139 228 4206 Ι.
