3014 4872
506 367 643 438 NOVI
670 363 941 438 EDITORIS.
1172 381 1268 442 xxxv'

187 502 346 574 Victoriae
364 513 400 571 et
413 499 561 573 Poetices
581 500 692 571 lauros
714 503 881 596 succingi,
894 523 993 596 quam
1015 516 1053 571 ut
1070 525 1125 576 eas
1148 503 1259 576 lauros

190 609 457 704 praestantissimo
481 609 742 704 amicissimoque
763 610 835 678 viro
853 608 1047 703 denegaret,
1065 623 1101 680 et
1116 635 1171 682 eas
1189 616 1260 708 qui-

185 717 265 784 dem
281 717 424 784 manime
443 716 587 785 meritas.

242 822 345 912 Quod
365 823 482 892 attinet
496 821 540 891 ad
560 821 714 905 Laelium,
729 822 787 917 qui
805 821 1003 917 cognomine
1017 821 1190 893 dicebatur
1206 847 1262 896 sa·

187 931 300 1022 piens,
315 943 386 998 tum
401 953 441 998 ex
459 927 637 1024 tranquilla
655 930 759 1026 ipsius
778 929 863 1013 vita,
882 941 953 997 tum
967 930 1073 1024 magis
1092 953 1133 1000 ex
1150 931 1262 1004 multia

187 1034 287 1104 Tullii
307 1033 469 1122 laudibus,
488 1047 620 1106 constat
638 1037 708 1105 sine
727 1033 830 1105 dubio
854 1058 931 1105 eum
957 1033 1058 1104 fuisse
1078 1034 1262 1110 litteratum

186 1143 523 1236 peramantissimum.
545 1144 644 1213 Hunc
661 1143 835 1238 ariteponit
850 1141 998 1237 Scipioni
1014 1139 1022 1166 ¹
1041 1141 1186 1232 Tullids3
1204 1145 1264 1215 sed

186 1249 329 1319 oratoris
348 1247 581 1319 tantummodo
599 1247 731 1318 laudem
754 1249 834 1317 huic
851 1249 987 1336 asserit,
1007 1263 1042 1318 et
1068 1272 1171 1344 mum
1194 1273 1264 1321 me·

184 1369 296 1424 moret
308 1354 401 1426 illum
416 1369 538 1451 magno
552 1354 672 1425 ardore
683 1355 726 1424 ad
740 1353 951 1426 scribendum
966 1355 1172 1438 incubuisse,
1183 1376 1261 1452 prtau

184 1460 244 1530 bat
265 1461 331 1532 hoc
348 1463 421 1556 ipso
445 1461 594 1531 futuram
618 1461 719 1532 fuisso
738 1459 828 1556 apud
845 1459 991 1530 Tullium
1019 1460 1062 1531 de
1092 1464 1264 1536 comtedils

184 1567 278 1638 Laelii
295 1569 518 1658 mentionem,
536 1569 564 1637 si
581 1589 636 1638 eas
652 1589 767 1638 revera
781 1567 1020 1662 composuisset
1035 1566 1165 1640 Laelios.

242 1673 293 1744 Ad
311 1674 384 1744 hoec
398 1675 510 1744 omnia
524 1674 670 1761 accedit,
683 1673 773 1768 quod
788 1674 902 1768 Scipio
917 1689 952 1743 et
969 1672 1090 1744 [mlius
1102 1689 1184 1745 natu
1202 1679 1263 1746 nti-

183 1803 284 1852 nores
302 1793 411 1851 essent
429 1804 529 1875 quam
551 1781 743 1869 Terentius,
759 1779 854 1852 annis
872 1801 1011 1865 novem,
1032 1781 1059 1850 si
1084 1781 1262 1853 audiantur

181 1888 338 1958 Dacieria
352 1901 388 1957 et
401 1889 483 1956 Tan.
503 1887 619 1956 Faber.
636 1889 711 1955 lmo
729 1887 930 1982 pervicimus
946 1888 1137 1957 Terentium
1158 1892 1192 1958 in
1211 1888 1261 1959 lu·

181 2019 259 2065 cem
277 1995 406 2098 uenisse
422 1995 586 2063 maturius
607 2015 708 2088 quam
725 1994 788 2088 ipsi
808 2005 1030 2062 asseruerunt
1049 1994 1141 2082 Quid
1159 1997 1260 2091 igitur

181 2102 366 2195 adjumenti
388 2101 549 2196 pottdsset
563 2103 698 2196 sperare
715 2097 758 2168 de
782 2096 914 2168 duobos
932 2096 1186 2171 adolescentulis
1206 2104 1262 2197 qui

181 2209 386 2304 trigesimam
407 2204 559 2290 nondum
574 2217 708 2278 aetatem
727 2205 927 2301 attigerant,
947 2227 1054 2299 quum
1072 2206 1107 2273 in
1129 2209 1257 2277 Graecia

182 2329 335 2384 mortuus
348 2327 399 2384 est
409 2337 566 2408 ,nempe,
584 2311 675 2383 haud
688 2312 735 2382 ita
752 2310 859 2384 multo
878 2324 1056 2406 postquam
1072 2310 1115 2380 ab
1126 2313 1174 2382 eis
1191 2313 1256 2384 dis»

182 2418 351 2490 cessisset?

235 2528 373 2622 Optime
395 2525 517 2622 probat
539 2519 725 2611 Deciena²,
740 2523 790 2592 ati
813 2522 970 2608 fatemur,
994 2545 1093 2620 posse
1115 2525 1204 2614 ficri,
1218 2541 1256 2596 ut

181 2635 254 2730 quis
270 2632 437 2728 elegantes
454 2645 531 2702 ante
548 2631 636 2702 hanc
653 2645 783 2701 rentem
798 2630 921 2700 scribat
935 2630 1128 2719 comoedias,
1147 2655 1252 2725 quan-

181 2739 359 2837 doquidem
370 2740 564 2828 Terentius,
579 2740 776 2833 vigesimum
795 2735 1005 2808 solummodo
1022 2751 1056 2808 et
1073 2739 1250 2833 septimum

181 2870 305 2918 annum
334 2859 432 2916 natus
466 2845 625 2916 Andriam
657 2843 830 2932 ediderat,
861 2843 939 2928 sed,
967 2857 1048 2913 tunc
1076 2848 1251 2938 temporis,
1282 2929 1287 2942 ι

181 2955 291 3025 adhuc
315 2978 399 3049 puer
422 2967 494 3024 erat
520 2953 647 3048 Scipi03
672 2951 812 3046 quodsi
839 2964 950 3020 autem
977 2950 1153 3036 Andriam,
1181 2975 1248 3021 non

180 3061 359 3156 adjuvante
375 3062 546 3156 Scipione,
564 3060 801 3155 potuitnoster
816 3060 920 3127 Poeta
931 3079 1150 3151 componere,
1167 3059 1248 3153 quid

179 3183 270 3239 vetat
287 3169 375 3238 idem
394 3191 465 3237 esse
478 3167 522 3236 de
539 3164 685 3237 caeteris?

232 3279 376 3370 Insuper
390 3273 496 3343 credit
513 3271 632 3342 mulier
642 3272 842 3358 doctissima,
860 3294 900 3339 ea
913 3267 955 3339 de
974 3269 1094 3365 quibus
1109 3270 1164 3340 hic
1178 3271 1247 3340 dis*-

177 3383 334 3470 serimus,
345 3379 502 3450 Terentio
528 3380 659 3474 objecta
678 3379 778 3448 fuisse
791 3379 932 3446 nonnisi
948 3377 1011 3446 sub
1030 3377 1106 3444 vitae
1123 3375 1246 3465 finem3

180 3504 214 3558 et
239 3501 312 3556 tum
339 3488 501 3582 primum,
525 3511 631 3582 quum
658 3485 763 3555 edidit
787 3482 1029 3578 fabulam-qua
1054 3483 1246 3554 inscribitur

179 3596 592 3678 Heautontimorumenos,
603 3591 841 3687 duoetviginti
858 3609 963 3658 annm
980 3580 1135 3683 Scipione
1154 3605 1245 3660 nato.

224 3824 249 3858 1.
262 3803 364 3874 Dialog.
379 3801 413 3856 dc
427 3802 553 3868 Oratore,
564 3799 693 3854 initio-
736 3827 777 3844 -
791 3801 833 3852 De
851 3797 961 3864 officiis,
975 3794 1022 3851 lib.
1037 3797 1074 3852 11.
1092 3829 1132 3842 -
1147 3801 1187 3852 De
1202 3817 1248 3852 na·

180 3887 221 3938 De
239 3881 336 3938 bulbus
351 3883 487 3936 mnarum
505 3893 531 3934 et
544 3882 691 3941 malorum.
737 3893 798 3935 tura
810 3876 939 3943 deorum,
952 3876 1001 3931 lib.
1015 3877 1067 3932 111.

180 3965 226 4017 lib.
241 3965 277 4016 11.
287 3963 444 4028 -Laelius,
455 3959 555 4016 aivede
568 3961 693 4015 amicitia.
778 3979 804 4012 a.
828 3954 906 4011 Nota
925 3967 990 4029 qaas
1012 3957 1135 4031 adjunxit
1151 3957 1249 4012 doctis*

182 4045 337 4111 -ltratus,
346 4061 392 4098 seu
400 4040 435 4098 da
444 4040 521 4096 claris
531 4041 691 4096 emtoribus.
738 4041 804 4094 sima
818 4037 916 4092 brolier
927 4039 989 4094 v'n
999 4037 1128 4094 Terentii.
