3014 4872
282 385 388 436 xxxiv
626 353 991 433 DISSERTATIO

180 557 182 562 .
278 497 402 595 ingenii
417 495 526 590 specie
541 506 711 573 constant,
732 491 775 561 ab
796 491 914 561 eodem
939 505 1077 562 auctore
1097 493 1248 588 profecto
1267 497 1349 566 scri-

281 620 355 702 ptas
371 603 480 672 fuisse.
500 601 585 694 Quae
602 600 768 694 quumita
789 600 867 685 sint,
881 623 923 667 ex
940 599 1109 694 Scipione,
1122 599 1236 686 taetro,
1248 605 1351 673 Furio

279 710 412 789 Publio,
440 705 585 802 Sulpicio
607 705 726 789 Gallo,
744 705 787 794 Q.
815 705 917 774 Fabio
941 705 1117 794 Labeone,
1139 709 1257 778 Marco
1278 713 1350 779 Po-

278 816 375 914 pilio,
394 830 476 899 eto,
494 833 581 883 unus
603 825 731 882 tantum
748 825 801 880 est
821 809 991 907 eligendus
1013 814 1071 908 qui
1091 811 1291 888 inuentionis
1315 831 1351 886 et

278 923 352 1020 styli
371 921 502 992 laudem
524 919 612 990 solus
630 917 691 988 sibi
710 917 841 987 haheat.

330 1028 433 1118 Quod
455 1028 482 1098 si
500 1049 562 1122 pro
577 1023 762 1094 indubitato
776 1037 879 1094 staret
894 1047 962 1094 non
977 1047 1048 1095 esse
1062 1029 1259 1098 Terentium
1269 1053 1350 1098 vere

278 1150 449 1207 auctorem
467 1130 669 1213 fabularum,
686 1153 791 1226 parva
808 1145 894 1201 esset
912 1132 1074 1202 haesitatio
1096 1133 1288 1205 indicaturis
1306 1135 1351 1205 ad

278 1267 375 1339 (puero
393 1240 466 1336 ejus
480 1240 591 1334 operia
606 1236 678 1308 laus
692 1238 874 1333 pertineat3
887 1261 950 1308 nec
964 1237 1076 1334 plures
1090 1240 1187 1310 simul
1200 1245 1352 1312 nomina·

278 1363 404 1420 rentur.
429 1346 565 1440 Quippe
587 1369 689 1440 mium
713 1346 853 1465 Furias,
875 1343 1009 1433 Gallus,
1029 1346 1161 1431 Fabius,
1185 1348 1351 1444 Popilius,

279 1473 433 1551 magnam
455 1453 510 1522 hio
531 1451 573 1521 de
595 1477 631 1522 se
650 1465 808 1522 ntoveant
829 1453 1069 1547 suspicionem,
1087 1456 1122 1523 in
1141 1457 1297 1552 Scipione
1317 1469 1353 1526 et

280 1561 382 1632 Laelio
402 1557 648 1628 immorandum
670 1572 732 1628 est.
755 1559 909 1648 Quorum
933 1561 1078 1654 priorem
1098 1585 1167 1631 non
1187 1577 1353 1632 memorat

278 1667 477 1738 Plutarchus
490 1666 589 1735 fuisse
605 1663 901 1760 litteratum,quod
915 1664 1009 1736 malae
1022 1668 1055 1736 in
1070 1669 1185 1763 primis
1195 1683 1245 1740 est
1253 1683 1349 1740 notae.

279 1774 442 1869 Equidem
469 1771 668 1842 confitemur
687 1795 764 1840 eum
789 1771 968 1842 liberaliter
989 1777 1126 1845 omnino
1149 1777 1249 1846 fuisse
1269 1775 1354 1846 edu·

279 1879 503 1968 eatum¹;sed
523 1880 592 1973 ejus
609 1892 705 1973 pater
723 1880 835 1973 Scipio
856 1903 993 1974 parum,
1006 1883 1297 1976 opinor,curavit,
1314 1897 1353 1953 ut

279 1986 421 2082 aliquem
433 1988 521 2057 inter
540 1985 716 2079 scriptores
729 1983 839 2056 locum
858 1983 945 2056 filius
961 2001 1105 2070 teneret,
1124 2013 1222 2084 quem
1239 2015 1353 2060 secum

281 2116 412 2190 semper
425 2094 459 2162 in
474 2093 591 2163 castris
607 2092 735 2162 habuit
749 2093 931 2177 Praeterea,
947 2117 1050 2188 quum
1065 2095 1258 2167 Paterculus
1273 2096 1353 2168 libe·

281 2201 383 2271 ralern
403 2201 490 2270 hanc
511 2199 674 2294 Scipionis
692 2197 850 2294 predicet
871 2199 1119 2286 educationem,
1140 2201 1232 2273 nullo
1253 2203 1353 2273 modo

280 2309 389 2376 innuit
414 2331 488 2376 eam
521 2306 556 2374 in
588 2304 698 2374 felices
725 2305 843 2376 abiisse
869 2305 1016 2392 fructus,
1041 2309 1204 2404 originem
1231 2309 1355 2380 scilicet

281 2409 479 2508 quibusdam
498 2410 627 2479 dedisse
646 2410 812 2505 operibus.
835 2412 926 2480 Num
945 2425 1054 2482 autem
1075 2418 1153 2485 satis
1170 2417 1354 2505 habuisset,
1392 2403 1396 2414 ¹

283 2545 320 2588 re
337 2544 405 2589 non
420 2516 580 2614 probata,
600 2539 745 2586 asserere
767 2516 963 2613 praeclarum
985 2521 1076 2591 hunc
1092 2519 1286 2594 bellatorem
1304 2529 1353 2594 in·
1439 2539 1443 2554 ·

281 2631 376 2721 genii
389 2646 435 2694 ac
452 2623 640 2693 studthnun
648 2623 770 2710 juisse
792 2626 1119 2709 eminentasr'mum',
1137 2629 1165 2698 si
1182 2653 1244 2726 pro
1260 2633 1351 2702 testi·

285 2735 397 2802 monio
424 2730 546 2800 afferre
566 2731 727 2825 potuisset
744 2729 957 2812 celeberrima
979 2754 1052 2827 quae
1072 2737 1103 2805 ci
1123 2737 1353 2832 aquibusdam

284 2839 496 2908 vindicantur
511 2835 638 2932 opera?
652 2839 742 2908 Num
764 2839 929 2907 omisisset
948 2837 1073 2910 Tullius
1094 2845 1297 2914 mentionem
1313 2845 1354 2914 de

285 2948 326 3016 iis
343 2944 506 3042 Scipionis
524 2943 696 3038 operibus,
710 2964 814 3038 quum
831 2943 969 3016 Laelium
984 2935 1140 3030 inducit³‚
1156 2952 1215 3046 qui
1230 2953 1355 3048 magni-

214 3115 215 3120 ,
286 3052 359 3122 ficis
381 3049 578 3148 praeclarum
600 3050 691 3119 hunc
714 3049 836 3120 ducem
865 3050 1001 3121 extollat
1031 3053 1201 3126 laudibus?
1224 3060 1356 3147 Quum,

165 3179 167 3190 “
287 3183 435 3255 persaepe
459 3143 570 3245 alias‘,
586 3156 731 3226 studium
751 3158 913 3253 Scipionis
930 3160 965 3226 in
982 3157 1158 3251 litteratos,
1174 3177 1208 3232 et
1223 3180 1356 3235 caeteras

289 3267 360 3359 ejus
381 3267 520 3333 virtutes
540 3262 712 3359 praedicet,
732 3289 814 3333 num
834 3287 932 3334 ausus
953 3264 1068 3336 luisset
1092 3270 1122 3337 ei
1140 3285 1268 3366 partem
1291 3294 1356 3342 sue

290 3371 402 3467 gloriae
428 3369 624 3440 detrahere?
648 3371 790 3442 Minime
817 3371 890 3440 lieri
919 3369 1000 3442 illud
1031 3379 1201 3468 potuisset.
1229 3380 1357 3474 Nempe

288 3478 416 3548 Tullius
434 3477 567 3572 majoris
582 3476 713 3548 laudem
731 3501 773 3546 ex
790 3476 906 3547 litteris
920 3496 1148 3576 comparatam
1162 3487 1356 3573 aestimabam

292 3586 388 3654 nimis
407 3609 470 3680 pro
487 3598 580 3656 certo
597 3584 731 3656 tenebat
750 3586 876 3678 optime
894 3586 1019 3656 circum
1038 3589 1125 3659 idem
1143 3606 1247 3687 caput
1262 3617 1358 3688 posse

338 3817 362 3851 1.
378 3797 496 3852 venetus
512 3797 674 3852 Patermlua.
890 3803 917 3861 4.
934 3797 1359 3866 Cioem,deamicitia.-·1dem

336 3898 362 3932 a.
374 3873 446 3931 velt.
462 3879 564 3932 Patere.
577 3877 625 3930 lib.
641 3877 663 3928 1.
847 3877 876 3930 in
887 3877 979 3932 litteris
993 3879 1167 3936 familiaribus
1180 3896 1208 3937 et
1222 3883 1292 3954 aliis,
1303 3905 1359 3958 pas·

336 3959 362 4011 3.
386 3958 502 4025 Laelius,
526 3957 582 4010 sire
614 3954 649 4008 de
673 3953 804 4022 amicitia,
848 3958 1062 4014 sim—Oratio
1074 3979 1125 4031 pro
1135 3963 1220 4017 Lucio
1229 3964 1358 4033 Muraena,

294 4037 380 4092 initio.
847 4037 876 4092 in
887 4037 958 4105 fine,
974 4039 1022 4092 uhi
1033 4039 1104 4096 vide.
