2968 4856
403 398 588 466 HEAUT.
618 401 728 470 ACT.
757 403 813 487 11,
839 402 907 469 SC.
937 402 990 468 ΙΙ.
1146 398 1213 470 361

154 535 207 600 An
231 554 270 599 ea
298 553 430 624 quoque
456 529 584 600 dicetur
609 529 726 625 hujus,
751 533 777 600 si
806 557 871 600 una
896 533 966 602 lraec
991 531 1145 602 dedecori
1173 547 1223 600 est

314 633 453 730 parum?
1155 647 1162 660 '

155 744 235 813 Srn.
256 743 366 812 Immo
388 741 430 810 ad
452 756 542 812 tuarn
563 757 704 812 matrem
726 743 916 814 deducetur.
934 747 1033 815 Cum.
1053 745 1145 833 Quid
1164 744 1224 814 eo?

316 850 395 918 Srn.
418 851 573 944 Longum
592 849 650 938 ’st²
666 841 831 944 Clitipho,
1185 877 1224 916 us

155 957 190 1038 Si
217 954 277 1023 tibi
303 980 453 1042 narrem,
476 958 694 1050 quamobrem
720 957 754 1026 id
776 957 913 1044 laciam3
934 981 1011 1027 vcra
1038 981 1137 1028 causa
1163 973 1222 1027 est.

316 1064 412 1132 Cur.
434 1059 583 1131 Fabulae!

156 1165 211 1236 Nil
235 1167 314 1238 satis
335 1169 422 1238 firrni
444 1168 560 1257 video,
577 1171 794 1265 quamobrem
818 1172 969 1266 accipere
991 1171 1082 1240 hunc
1098 1169 1144 1239 mi
1163 1195 1222 1239 ex-

315 1273 429 1369 pediat
449 1290 586 1346 metum.

156 1381 235 1450 Srn.
261 1381 389 1486 Mane:
412 1381 520 1453 habeo
547 1381 653 1472 aliud,
676 1385 703 1453 si
730 1383 817 1452 istud
845 1386 984 1471 metuis,
1006 1382 1096 1478 quod
1123 1383 1223 1452 ambo

317 1487 540 1558 confiteamini

158 1592 236 1674 Sine
262 1593 412 1687 periculo
439 1621 518 1665 esse.
541 1599 642 1666 Cnrr.
674 1597 893 1690 Huiusmodi,
922 1597 1079 1684 obsecro,
1105 1595 1227 1691 aliquid

317 1703 457 1795 repperi.
478 1705 558 1772 Srn.
582 1705 750 1772 Maxume.

155 1909 263 1964 chidis:
282 1913 482 1984 extorquebitur
497 1928 637 1986 argentum
656 1934 669 1969 r
716 1915 862 1979 eo,acilicet
877 1913 912 1976 ad
925 1915 1014 1968 matria
1028 1935 1092 1974 mear
1103 1912 1225 1980 domum,

157 2008 220 2042 aene
236 1989 309 2068 quod
323 1992 448 2046 Bacchidi
468 1993 589 2065 Clitipho
607 2013 671 2064 pro·
715 1991 851 2047 ducetur?
864 1995 920 2048 Juv.

157 2069 274 2124 miserat.
285 2071 548 2128 &ruah—Pulchre.
561 2075 671 2145 Optime
757 2075 823 2128 336.
837 2073 867 2127 Si
883 2087 900 2124 t.
913 2093 1021 2138 narrem,
1039 2094 1119 2146 quam.
1135 2075 1164 2126 id
1169 2076 1226 2141 sac.

157 2147 290 2202 invenieti.
319 2153 408 2205 Potest
431 2165 457 2206 et
482 2173 531 2224 per
558 2155 672 2206 ironiam
715 2173 766 2206 uer.
779 2173 851 2206 eausa
864 2166 906 2205 est.
925 2151 1227 2218 Distinctionetnbanc,

158 2225 223 2282 dici.
236 2261 276 2272 -
290 2231 359 2301 Quid
374 2233 412 2284 lu'c
419 2233 499 2299 saciet
512 2241 578 2286 sua?
596 2233 672 2298 Quo·
716 2252 774 2304 qua
786 2247 824 2288 est
833 2233 956 2304 vulgata,
968 2233 1100 2305 sequimur
1111 2234 1227 2286 exBent.

158 2307 241 2360 modo
261 2323 320 2382 aget
341 2311 443 2374 Clinia,
460 2313 489 2364 in
505 2332 537 2366 eo
552 2313 625 2384 quod
638 2312 672 2366 ad
716 2313 775 2384 Bip.
790 2314 860 2367 Perl.
871 2314 901 2365 Z.
912 2313 991 2365 Both.
1007 2311 1060 2364 Sed
1068 2313 1228 2367 Westerho-

158 2387 241 2456 ipsius
255 2391 368 2443 anticam
380 2392 490 2444 attinet?
715 2393 775 2446 vius
797 2405 901 2447 secutus
919 2405 958 2445 eat
976 2389 1173 2446 distinctionem
1196 2392 1225 2444 F.

200 2467 268 2530 334.
283 2469 326 2522 Au
340 2489 378 2524 ea.
394 2470 472 2524 Both.
488 2474 569 2527 Eune.
578 2505 618 2514 -
629 2473 673 2525 Au
716 2471 844 2538 Fabricii,
857 2477 879 2526 ti
891 2473 935 2525 tibi
948 2491 1049 2524 narrem.
1064 2471 1184 2540 Quamob.
1202 2473 1230 2523 id

159 2566 189 2598 ea
209 2567 308 2620 quoque.
337 2550 484 2622 Antiphila.
509 2585 550 2595 -
578 2553 672 2620 Hujru,
710 2545 1228 2622 succumbereoperaest-VermBotb.

160 2625 264 2684 Cliniae.
279 2658 319 2670 -—
332 2627 363 2681 St
380 2650 427 2682 uua
448 2631 507 2684 iroec.
529 2633 651 2703 Intellige
664 2670 671 2693 ‚
716 2652 807 2686 aerum.
817 2663 857 2694 -.·
866 2633 893 2683 V
891 2651 932 2683 era
944 2651 1016 2683 carisa
1028 2643 1071 2684 est.
1082 2633 1143 2684 Non
1155 2632 1228 2694 ficu,

160 2707 236 2778 quasi
257 2721 403 2780 reponatur
421 2709 608 2782 interrogatio,
630 2712 673 2764 cui
716 2711 762 2764 aed
772 2715 841 2782 justa
851 2724 890 2765 est
902 2730 978 2764 causa
991 2730 1039 2764 cur
1050 2710 1173 2778 suadeam
1183 2748 1191 2775 ,
1201 2724 1231 2763 ut

161 2786 225 2838 insit
234 2787 274 2840 ria
282 2787 411 2859 negandi,
422 2803 451 2842 ut
458 2791 513 2860 jam
523 2810 592 2864 repe
604 2789 673 2844 vidi·
716 2792 852 2864 Antiphila
865 2790 1011 2844 deducatur
1020 2789 1053 2843 ad
1067 2805 1229 2846 matrem.-

162 2883 229 2920 mue.
717 2871 828 2924 Fabula.
844 2871 881 2924 Ea
898 2889 957 2942 quae
972 2869 1054 2936 dicia,
1068 2889 1154 2944 neque
1167 2889 1229 2923 vera

203 2947 271 3001 335.
283 2947 330 3000 Ad
339 2960 405 3000 tuum
417 2963 523 3004 matrem.
535 2951 615 3004 Both.
626 2949 673 3004 de·
717 2963 796 3016 sunt,
809 2969 897 3022 neque
910 2949 1070 3004 iterisimilia.

162 3026 198 3078 let
220 3039 295 3078 tuam.
312 3061 352 3070 —
368 3029 515 3084 Deducetur.
537 3032 582 3084 Sic
604 3031 684 3083 Perl·
759 3029 1045 3101 337.Nilsatirfirmi,
1059 3043 1108 3083 etc.
1122 3027 1229 3082 Nullam
1300 3093 1305 3102 ι

162 3105 241 3159 Both.
254 3126 286 3160 ex
299 3107 456 3179 quibusdam
468 3111 572 3182 scriptis
586 3123 613 3163 et
624 3111 674 3164 im·
717 3111 846 3163 rationem
861 3109 941 3164 video
953 3110 1086 3164 firmitatis
1099 3109 1128 3162 in
1143 3109 1230 3162 consi·

161 3187 266 3256 pressis.
279 3186 355 3240 Libri
369 3201 456 3242 autern
469 3192 559 3244 Bemb.
574 3190 675 3242 abduce·
717 3191 768 3255 lio,
784 3201 813 3242 ut
824 3188 935 3244 debeam
948 3189 1027 3244 talem
1037 3203 1136 3242 metum
1151 3188 1230 3241 eusci·

163 3277 220 3330 tur,
236 3279 262 3318 et
276 3266 438 3339 eicZ.Valp.
450 3270 552 3322 -Imo
565 3271 675 3322 adruunt
718 3289 797 3342 pere,
816 3283 846 3322 ut
866 3270 938 3341 apud
953 3282 1056 3343 patrem
1071 3267 1155 3322 amica
1171 3284 1229 3319 mea

162 3357 260 3398 matrem
271 3346 408 3400 deducetur.
421 3348 484 3402 Haec
493 3346 618 3403 decenter
628 3348 675 3402 ad·
719 3351 759 3403 sit.
774 3351 905 3420 Eugruph.

161 3424 274 3478 modum
309 3441 335 3480 et
363 3427 456 3480 callide
490 3442 675 3482 contexuntur.
761 3431 828 3483 338.
845 3430 875 3483 Si
895 3429 961 3481 r'stud
977 3431 1068 3480 metuis.
1084 3425 1172 3478 Rentl.
1189 3443 1230 3477 re·

162 3505 369 3580 Quumecilicet
384 3507 523 3579 Antiphila
536 3509 630 3562 cliniae
644 3509 677 3562 sit
719 3510 809 3581 ponit,
830 3513 853 3561 si
869 3515 914 3561 iste
939 3521 975 3560 ese
997 3519 1080 3559 metus.
1108 3506 1232 3568 Frustra,

161 3599 297 3660 nuptura,¹
321 3606 377 3638 non
400 3585 476 3641 decet
498 3607 556 3641 eam
582 3600 676 3661 utpote
720 3602 844 3642 censente
855 3589 962 3660 Bipont.
976 3585 1085 3639 editore.
1098 3584 1230 3638 -Mane

161 3683 220 3735 quer
234 3666 268 3720 eit
281 3668 394 3737 ingenua
411 3667 524 3732 mulier,
542 3687 595 3721 una
614 3687 675 3721 cum
720 3668 790 3734 Quia
804 3687 867 3728 sane
882 3668 1035 3739 improbans
1052 3664 1172 3736 Clitipho
1185 3683 1232 3719 re·

160 3745 293 3799 Bacclride
302 3747 556 3801 convivari.Praeter
565 3746 593 3800 id
603 3746 677 3818 quod
721 3747 839 3801 cedebat.
859 3779 899 3790 -
919 3746 1016 3810 Aliud,
1031 3745 1179 3799 consilium.
1195 3781 1235 3790 -

160 3821 195 3878 ad
216 3824 345 3879 decorum
364 3828 474 3890 attinet,
489 3828 541 3881 hoc
558 3828 674 3881 artilicio
721 3828 859 3892 istud,boc
870 3826 944 3901 quod
956 3827 1099 3879 novissime
1114 3823 1233 3880 dedi..-

162 3917 264 3976 puetre‚
280 3907 417 3977 Antiphila
431 3906 466 3959 ad
472 3909 617 3961 Sostratam
631 3906 675 3961 de·
722 3909 811 3978 Qrwd,
825 3908 896 3961 refer
909 3906 944 3961 ad
957 3905 1033 3960 aliud.

164 3982 289 4049 ducitur,
322 3999 351 4040 ut
381 4000 469 4060 pontea
503 4002 676 4060 cognoscatur
763 3987 828 4056 339.
851 3987 1087 4059 Hujusmodi.'Mes.
1106 3986 1234 4056 plusculi,

164 4063 219 4118 filia
243 4059 401 4121 Chremetis.
416 4068 533 4138 -Quid
552 4063 601 4120 cot²
620 4069 676 4122 Cur
721 4067 872 4132 istitumodi,
903 4089 991 4139 quaro.
1013 4068 1102 4124 West.
1131 4067 1234 4136 :Vulg.
