2926 4858
277 425 368 471 orxrr
401 402 525 470 LOCA
551 403 800 470 MENANDRI
830 405 887 471 ET
914 401 1212 470 APOLLODORI

278 557 347 622 rrr,
366 531 508 627 exempli
530 535 655 627 gratia,
677 536 864 622 Pnonnro,
885 538 1346 608 Hanurourrnonunrnos.

278 655 456 734 antequam
482 641 615 709 tertium
641 640 837 712 edoceretur
856 631 1047 710 Eunuchus.
1070 640 1173 734 quue
1192 639 1348 708 observat

278 749 431 816 Donatus
450 745 649 816 Praefatione'
664 749 698 814 in
718 749 939 832 Eunuchum,
954 748 1087 815 tertium
1105 745 1225 814 editam
1246 745 1346 814 luisse

278 867 354 947 post
373 852 601 948 Adelphorum
619 853 806 922 editionem.

618 1086 1012 1120 ,ἥκῃς-...ᾐ-

343 1295 483 1375 LOCA
511 1297 789 1378 MENANDRI
818 1297 886 1375 ET
913 1295 1274 1392 APOLLODORI,

277 1534 369 1593 ΟΠΞ
401 1533 646 1579 TERENTIUS
679 1533 839 1579 namn
867 1533 942 1578 EST
970 1531 1346 1578 INTERPRETATUS.

537 1724 854 1793 SCHREVELIUS
876 1723 1085 1792 LECTORI.

334 1909 481 2003 Subjecit
504 1908 639 1978 editioni
662 1909 867 1976 Terentiana
889 1931 912 1974 a
934 1931 969 1975 se
991 1908 1160 1974 recensita
1178 1903 1285 1972 Nobil.
1310 1869 1358 1972 ac⁸

281 2016 515 2087 ooleberrimus
539 2019 625 2084 Dan.
648 2015 802 2083 Heinsius
828 2011 902 2082 loca
920 2013 1049 2107 aliquot
1064 2010 1258 2096 Menandri,
1275 2035 1350 2103 quoe

133 2155 135 2160 ·
280 2125 454 2192 Terentius
488 2124 605 2191 Latine
635 2137 685 2190 est
718 2122 882 2208 imitatus,
912 2145 953 2187 ex
987 2117 1181 2189 collectione
1209 2116 1351 2185 Andreae

283 2231 388 2300 Scotti
411 2255 420 2298 ε
444 2253 504 2297 nos
533 2230 572 2297 iis
594 2226 661 2296 'alia
691 2252 732 2294 ex
758 2225 876 2294 eodem
903 2225 1090 2294 Menandro
1122 2223 1350 2316 adjunximus,

282 2351 381 2430 atque
407 2335 542 2428 insuper
568 2357 610 2402 ex
638 2331 858 2428 Apollodoro,
885 2331 975 2426 quod
999 2329 1071 2400 illos
1101 2330 1183 2399 duos
1215 2329 1352 2423 proprie

224 2461 232 2494 ³
282 2443 428 2509 imitatus
449 2440 548 2508 luerit
565 2455 664 2534 atque
685 2440 880 2534 expresserit
900 2439 1019 2524 Poeta,
1038 2436 1128 2531 quod
1151 2461 1192 2506 ex
1214 2438 1349 2504 Gomoe·

282 2545 412 2615 diarum
438 2546 507 2638 ejus
537 2549 715 2641 ἐπιγραφαῖς
742 2559 792 2615 est
812 2543 1034 2615 manifestum.
1054 2545 1103 2612 Ea
1125 2557 1235 2611 autom
1254 2541 1353 2609 nobis

284 2650 557 2747 suppeditarunt,
574 2653 694 2747 partim
712 2666 866 2746 excerpta
884 2652 1045 2720 Grotiana
1062 2675 1104 2718 ex
1119 2647 1304 2742 Trugoediis
1319 2661 1355 2714 ot

223 2833 226 2840 ,
282 2758 463 2828 Comoediis
479 2761 623 2843 Graecis,
638 2760 758 2853 partim
777 2758 928 2852 quadam
947 2758 1091 2826 Terentii
1111 2755 1211 2824 editio
1225 2777 1245 2821 a
1260 2755 1354 2821 Mar·

284 2867 355 2934 tino
375 2866 577 2935 Hoinneccio
596 2879 792 2962 procurata,
814 2866 935 2958 partim
953 2864 1151 2933 Doctiorum
1174 2863 1209 2929 in
1228 2863 1353 2928 Teren·

281 2973 365 3040 tium
382 2973 642 3041 Commentario.

488 3137 643 3202 Annnrn.
673 3135 758 3200 Aer.
788 3155 810 3200 r.
840 3130 896 3199 Sc.
926 3119 1025 3220 1(vs.
1049 3118 1124 3224 37).

287 3321 305 3356 α
316 3291 393 3360 Feoi
406 3315 448 3358 ex
466 3313 563 3360 servo
582 3303 620 3358 ut
645 3313 731 3358 esses
756 3287 894 3357 libertus
911 3289 1025 3357 mihi.»
1041 3289 1166 3356 Versus
1175 3285 1356 3356 Menandri

330 3395 456 3492 «legitur
476 3399 574 3466 etiam
594 3397 630 3464 in
646 3394 818 3463 Elenchis:

284 3490 357 3598 Ἐγώ
372 3529 406 3570 σε
419 3495 531 3571 δοῦλον
544 3501 608 3570 ὅντ’
619 3494 699 3576 ἔθηκ’
714 3501 876 3593 ἐλεύθερον.

285 3611 359 3703 Ego
378 3623 431 3696 te,
445 3635 549 3704 quum
565 3631 680 3678 servus
696 3631 799 3696 esses,
817 3605 957 3676 liberum
976 3605 1049 3676 feci.

182 3759 186 3768 ·
285 3707 358 3805 (Vs.
381 3711 479 3804 164.)
489 3713 603 3786 «Mala
616 3739 721 3802 mens,
736 3711 842 3783 malus
857 3715 1021 3782 animus.»
1032 3712 1358 3782 VideturTerentius

336 3819 482 3890 allusisse
498 3820 541 3890 ad
556 3820 638 3890 illud
653 3819 829 3890 Menandri
844 3847 852 3887 :

286 3931 413 4020 Γνώμης
429 3925 486 4021 γὰρ
504 3927 629 4014 lolli-tc,
641 3930 715 4023 ἔργα
734 3925 858 4023 χρηστὰ
873 3925 1020 4020 γίγνεται.

284 4037 383 4103 Bonae
401 4036 536 4117 mentis,
560 4035 647 4102 b‘ona
669 4049 746 4102 sunt
766 4057 877 4128 opera.
