2932 4860
294 389 344 460 80
515 385 701 454 PUBLII
730 379 989 451 TERENTll
1014 377 1138 446 AERI

177 501 180 507 Ι
293 523 362 590 ΒΑ.
372 521 445 613 Ego
456 541 535 586 vero
548 514 646 586 solus.
659 517 708 585 Sr.
722 515 898 610 Corrigere
909 513 955 581 mi
964 525 1099 606 gnatum
1109 531 1210 604 portu
1220 510 1358 578 enitere.

295 630 364 696 Dr.
382 625 514 694 Faciam
530 621 643 693 hercle
665 620 791 692 sedulo.
811 623 861 690 Sr.
882 621 980 688 Potes
997 642 1106 702 nunc,
1126 615 1206 685 dum
1231 616 1360 684 animm

454 730 598 799 irritatus
615 743 676 799 est

296 840 363 907 Da.
380 837 548 926 Quiescas.
563 837 611 905 Sr.
627 839 697 929 Age
711 834 827 928 igitur,
841 832 897 902 uhi
912 855 1001 900 nunc
1017 844 1068 900 est
1081 827 1195 924 ipsus?
1207 829 1278 896 Dc.
1295 827 1360 896 Mi·

456 967 549 1029 rum,
563 943 599 1011 ni
616 941 707 1010 domi
724 942 773 1009 ’st

295 1051 342 1118 Sr.
361 1049 422 1118 lbo
442 1048 484 1118 ed
505 1072 597 1132 eum,
619 1063 717 1143 atquc
738 1043 853 1116 eadem
870 1044 962 1131 hec,
982 1043 1041 1112 tibi
1058 1065 1132 1137 quae
1151 1041 1236 1130 dixi,
1252 1038 1361 1109 dicam
1451 1117 1452 1122 ,

454 1153 568 1224 itidem
585 1151 640 1223 illi.

596 1414 809 1507 suumn
849 1411 1059 1499 NONA.

740 1643 921 1753 PAVUS.

1042 1821 1161 1892 Nullus
1184 1848 1255 1892 sum
1324 1853 1363 1890 st.

299 1974 391 2066 Quid
402 1993 508 2042 causae
515 1967 565 2052 'st‚
574 1966 654 2059 quin
666 1962 744 2030 hine
752 1963 787 2028 in
801 1959 977 2054 pistrinum
986 1969 1075 2026 recta
1087 1954 1281 2049 proficiscar
1291 1953 1364 2024 via?

299 2079 389 2152 Nihil
410 2093 460 2148 est
481 2073 570 2172 preci
592 2069 658 2140 loci
676 2065 837 2138 relictum.
859 2067 932 2134 lam
952 2061 1144 2158 perturbavi
1163 2063 1301 2132 omnia:

300 2195 427 2258 llerum
448 2181 568 2264 fefelli3
588 2180 623 2248 in
645 2176 777 2270 nuptias
798 2172 923 2266 conjeci
943 2167 1080 2238 herilem
1102 2166 1230 2252 filium;

300 2297 376 2366 Feci
396 2290 496 2362 hodie
516 2301 554 2357 ut
575 2284 707 2368 fierent,
724 2280 912 2374 insperante
929 2277 1010 2364 hoc,
1027 2289 1125 2369 atque
1142 2275 1247 2343 invito
1265 2274 1363 2341 Pam-

455 2393 557 2490 philo.

300 2509 405 2592 Hem,
420 2497 568 2571 astutius!
586 2498 676 2594 quod
690 2499 717 2567 si
731 2497 914 2592 quiessem,
929 2486 1009 2558 nihil
1023 2487 1188 2556 evenisset
1198 2483 1290 2554 mali.
1330 2513 1365 2554 sos

300 2611 365 2684 Sed
386 2633 501 2680 eccum
516 2605 613 2676 video
629 2607 748 2700 ipsum.
768 2597 894 2671 Occidi.
1276 2673 1280 2682 .

301 2719 438 2790 Utinam
459 2713 540 2784 mihi
563 2726 648 2784 esset
664 2708 788 2805 aliquid
804 2707 876 2792 hic,
895 2726 963 2797 quo
984 2723 1037 2768 me
1056 2722 1146 2768 nunc
1163 2697 1364 2793 precipitem

459 2819 582 2889 darem.

341 3022 478 3096 597.Ego
492 3017 707 3074 vemsolufflec
722 3031 810 3070 secum
853 3029 913 3063 sun.
937 3007 1019 3073 Quasi
1048 3007 1138 3059 Datus
1164 3001 1264 3059 diceret
1290 3007 1366 3059 Perii.

301 3103 392 3160 Davus
410 3101 486 3174 quasi
503 3099 604 3153 diceret
624 3115 630 3152 ε
652 3098 704 3150 heu
731 3093 812 3148 nimis
895 3089 955 3141 602.
969 3087 1026 3140 lam
1036 3085 1144 3157 perturb.
1156 3084 1235 3138 Both.
1248 3097 1310 3138 tam.

302 3205 362 3241 vera
381 3183 509 3255 loquitur.
527 3209 567 3220 -
580 3179 674 3240 Porro,
705 3176 786 3246 igitur
802 3187 810 3236 3
896 3172 958 3231 604.
985 3167 1019 3218 Ut
1033 3163 1124 3236 fierent
1140 3165 1241 3236 nuptie
1254 3197 1294 3208 -
1304 3165 1368 3217 Hoc.

301 3281 326 3321 et
349 3264 486 3334 intellige:
515 3277 597 3331 quum
617 3260 672 3329 jam
701 3247 812 3308 eumad
855 3248 970 3302 Simone.

300 3345 405 3418 nuptias
420 3339 566 3418 impuleris.
896 3323 1216 3380 &emmerentianae
1225 3325 1367 3393 excogitari.

344 3421 410 3494 598.
425 3423 540 3475 Imitatur
557 3427 608 3480 est,
629 3416 691 3487 quia
712 3409 814 3465 dixerat
857 3407 926 3460 Cum
936 3402 1029 3458 dolore
1037 3417 1063 3458 et
1075 3402 1189 3476 quadam
1198 3403 1277 3455 simul
1285 3401 1370 3455 ironia

301 3527 326 3560 v.
340 3503 395 3560 553
407 3521 414 3556 ε
426 3529 437 3550 ι
447 3502 498 3553 Ire
508 3511 569 3552 sunt
581 3497 649 3549 inter
660 3490 814 3564 Glycerium
858 3485 969 3539 dietum.
985 3517 1025 3527 -
1039 3483 1110 3536 Hem.
1128 3483 1170 3535 Al.
1186 3482 1246 3538 Em,
1267 3483 1295 3534 in
1318 3482 1370 3532 fine

301 3599 327 3638 et
340 3594 457 3655 gnatum.
472 3605 483 3626 ι
519 3585 522 3594 ’
858 3564 1061 3638 priorisversus.
1075 3561 1217 3616 Patriam
1231 3560 1369 3615 datZeun.

345 3665 409 3732 599.
426 3661 548 3730 Quia-reas.
564 3655 604 3706 Ne
624 3653 659 3706 sis
677 3649 811 3704 sollicitus.
858 3641 911 3697 Sed
923 3661 1032 3716 quoque
1043 3643 1071 3696 in
1082 3643 1135 3695 fine
1146 3640 1370 3713 priorisvers.-

304 3735 560 3810 -Ageigitumdic
576 3732 650 3786 mihi.
660 3761 700 3774 -
710 3727 810 3790 Mirum,
859 3724 963 3796 Quodsi
972 3726 1058 3795 quiess.
1073 3723 1126 3791 Qui
1138 3740 1188 3792 pro
1202 3720 1275 3794 quod.
1292 3721 1335 3772 Br.

304 3826 330 3876 ni
342 3823 407 3874 domi
418 3823 461 3872 eit.
473 3817 550 3870 Both.
564 3810 662 3866 omittit
676 3823 719 3862 cst.
897 3803 962 3858 605.
975 3804 1064 3874 Ipsum.
1077 3800 1255 3871 Pamphilum.

344 3889 811 3969 600.Tt'hiquoedivi.VulpetZerm.
897 3885 961 3954 607.
979 3881 1091 3954 Aliquid.
1112 3876 1231 3952 Aliquod
1251 3877 1371 3950 precipi-

305 3981 448 4052 disp'onunt
459 3977 522 4046 Qua
534 3971 578 4025 tibi
587 3973 647 4024 dixi.
661 4002 702 4013 --
719 3965 810 4021 rudem.
856 3963 933 4017 tium.
944 3996 984 4005 —
999 3961 1041 4014 Mc
1063 3979 1132 4012 nunc.
1150 3959 1194 4012 Sic
1210 3959 1307 4015 invem.
1325 3958 1369 4010 Be.

303 4063 336 4114 R.
346 4060 435 4112 eaden.
442 4053 589 4110 Lindenhr.
598 4051 668 4105 idem
677 4047 813 4104 -Nullus
856 4039 930 4114 quod
944 4041 1023 4112 vulgo
1037 4053 1075 4095 est
1088 4059 1151 4094 nunc
1164 4057 1209 4092 me.
