3014 4860
286 315 361 412 376
503 317 683 384 PUBLII
710 314 967 384 TERENTII
994 311 1116 380 AFRI

285 453 382 520 Man·
397 449 474 518 Non
490 461 527 516 tu
541 448 570 516 ei
584 447 708 534 dixisti,
721 462 758 516 ut
773 445 898 518 essem?
913 447 1002 518 Cnn.
1018 444 1106 514 Non.
1120 444 1215 515 Man.
1226 446 1343 535 Quam·

443 553 577 641 obrem,
595 552 764 623 Chreme?

288 664 431 731 Cannar.
453 661 541 750 Quia
558 685 709 753 pessume
731 661 863 729 istacin
883 673 916 728 te
933 672 1032 752 atque
1052 653 1145 724 illum
1160 656 1319 745 consulis,

288 767 323 836 Si
344 782 377 836 te
398 781 465 836 tam
487 765 551 834 leni
571 781 604 834 et
623 768 711 836 victo
729 792 798 836 esse
813 767 924 836 animo
945 761 1135 833 ostenderis.

286 874 381 944 Man.
409 875 487 944 Non
514 898 682 967 possum:
712 875 789 942 satis
812 873 903 966 jam,
931 871 1009 940 satis
1036 883 1131 964 pater
1158 868 1262 940 durus
1288 868 1344 938 fui.

445 981 534 1050 Cnn.
554 978 627 1066 Ah,

286 1086 475 1156 Vehemens
493 1087 527 1154 in
544 1099 717 1180 utramque
737 1099 882 1180 partem,
903 1083 1115 1169 Menedeme‚
1129 1106 1165 1152 es
1183 1083 1299 1172 nimis,
1312 1113 1349 1158 n.

287 1195 356 1261 Aut
376 1190 525 1285 largitate
548 1191 663 1279 nimia,
686 1206 743 1260 aut
760 1192 970 1287 parsimonia.

288 1301 329 1367 In
344 1297 493 1366 eamdem
511 1296 660 1366 fraudem
679 1323 719 1368 ex
735 1298 800 1368 hac
817 1321 853 1368 re
872 1313 970 1392 atque
988 1322 1029 1366 en
1045 1294 1100 1366 illa
1118 1295 1253 1366 incides

332 1509 403 1578 436.ι
422 1507 457 1559 Ut
468 1525 547 1561 essem.
563 1507 698 1574 Quantum
713 1509 747 1560 ah
757 1526 802 1560 an·
844 1503 1131 1560 leratChremeeNide
1142 1524 1236 1577 supra,
1246 1522 1297 1558 ves.
1308 1503 1356 1568 85,

292 1589 366 1658 tiqua
394 1586 491 1639 duritia
517 1587 560 1640 illa
586 1587 755 1652 immutatus,
776 1598 803 1639 et
848 1586 1056 1640 retractares.

292 1687 325 1721 ex
341 1667 470 1720 acerrimo
492 1680 566 1737 patre
585 1664 733 1720 lenissimus
754 1665 804 1718 sim
887 1665 951 1729 438.
966 1664 996 1718 Si
1009 1677 1039 1718 te.
1049 1665 1159 1718 Veteres
1172 1664 1253 1719 eodd.
1267 1674 1310 1739 qui
1325 1679 1355 1720 te.

293 1749 389 1815 factus,
403 1745 449 1817 qui
461 1745 527 1798 nihil
543 1745 624 1816 tnagis
637 1746 663 1798 in
678 1746 745 1799 rotis
758 1747 804 1798 ha·
846 1775 886 1785 —
908 1747 945 1796 Et
958 1749 1024 1816 victo
1038 1765 1087 1798 esse
1101 1749 1190 1799 mima
1206 1745 1279 1814 Alii,
1292 1751 1359 1801 victo

292 1828 386 1890 bearn,
406 1844 486 1898 quam
500 1825 556 1878 lilio
569 1826 693 1896 obsequi,
715 1825 805 1879 omnia
846 1827 926 1876 animo
940 1845 995 1878 esse.
1184 1871 1190 1879 .

292 1905 445 1978 permittere
470 1917 496 1958 et
520 1905 709 1978 quantamlibet
726 1922 805 1976 pecu·
889 1903 954 1974 439.
968 1905 1020 1958 At.
1033 1904 1113 1965 Both.
1126 1917 1161 1959 at.
1175 1935 1218 1950 -
1235 1905 1360 1976 Naupor·

294 1983 366 2038 niam
374 1984 474 2057 largiri.
483 1985 625 2039 Famad.-
636 1984 803 2056 Quamobrem.
846 2003 898 2037 sum
911 1985 987 2038 aliter
999 1985 1083 2038 faeere
1092 2023 1101 2050 ,
1110 2004 1166 2039 non
1176 2003 1285 2056 possim
1299 2005 1363 2040 oon·

294 2065 351 2120 Cur
366 2083 420 2118 non
432 2062 529 2118 dixisti.
847 2063 935 2129 tineri,
953 2064 1018 2136 quin
1030 2064 1135 2128 faciem
1145 2062 1262 2128 decrevi,
1275 2078 1306 2118 ut
1314 2085 1362 2118 an·

339 2143 403 2215 437.
430 2145 460 2197 ln
481 2158 504 2196 te
525 2158 595 2218 atque
617 2143 690 2195 illam.
717 2139 804 2196 codd.
847 2143 948 2214 tiquam
971 2144 1043 2197 illam
1065 2141 1190 2197 duritiam
1210 2144 1239 2196 in
1256 2159 1363 2198 conma-

297 2223 409 2278 Bentleii
420 2229 444 2276 iu
457 2237 479 2276 te
490 2236 561 2297 atque
571 2228 596 2276 ia
605 2223 680 2276 illam.
688 2222 804 2275 InLihb.
849 2223 918 2275 rium
929 2235 1038 2276 mutem.
1048 2221 1150 2288 Video,
1162 2237 1292 2294 qnantum
1300 2244 1363 2295 pee-

295 2303 411 2374 antiquie
432 2323 488 2357 non
509 2317 546 2356 est
563 2305 615 2356 hoc
638 2303 749 2356 alterum
771 2306 806 2368 in,
849 2301 1139 2367 carerimilladuritia;
1155 2316 1286 2374 quantum
1295 2305 1364 2358 mihi

299 2380 373 2455 quod
396 2383 474 2436 multi
493 2381 606 2436 editores
629 2393 806 2434 servaverunt.
851 2400 974 2434 erumnas
990 2381 1179 2444 contriverim,
1198 2401 1265 2453 quas
1284 2397 1366 2453 gnato

298 2464 531 2534 -Quiapessume.
544 2461 687 2534 ..consulis
695 2461 746 2514 llic
753 2461 807 2532 jam
850 2460 977 2514 hactenns
984 2480 1073 2534 poenas
1081 2459 1211 2515 dederim.
1223 2462 1313 2515 Tanta
1320 2483 1366 2534 tgr

304 2542 400 2614 incipit
410 2544 525 2595 suasoria
539 2542 601 2608 illa,
619 2560 677 2612 qum
690 2539 808 2594 animum
851 2552 896 2593 tur
917 2559 989 2594 nunc
1008 2540 1076 2594 mihi
1090 2539 1215 2594 facilitate
1233 2541 1366 2595 utendum

300 2621 384 2692 patris
406 2622 557 2694 componit,
580 2633 611 2675 ut
632 2622 702 2674 circa
723 2619 809 2674 filium
852 2619 992 2692 intelligo,
1013 2632 1111 2692 quanta
1130 2633 1207 2676 antea
1222 2621 1324 2676 sevitia
1337 2621 1368 2674 fi-

301 2715 431 2772 temperet
454 2701 588 2755 lenitatem
612 2701 739 2765 nimiam,
762 2711 808 2752 aut
852 2699 919 2754 hum
937 2700 1053 2756 coercui.
1070 2700 1147 2752 Boecl.

299 2781 463 2853 parcitatem.
478 2783 559 2854 Ergr.
573 2813 614 2826 ·--
637 2782 716 2838 Istuc,
738 2775 810 2851 quod
895 2785 959 2843 440.
974 2781 1005 2832 In
1016 2792 1251 2852 utramquepartem.
1265 2780 1367 2836 Sanum

302 2861 330 2912 in
353 2859 443 2914 animo
466 2861 570 2925 volvit,
596 2860 713 2925 scilieet,
733 2871 811 2911 osten·
854 2858 994 2912 consilium
1018 2860 1164 2926 monentis,
1187 2872 1218 2912 ut
1242 2859 1366 2915 medium

302 2938 365 2990 derr’s
385 2951 407 2991 te
426 2944 705 3004 msean1m0,etc.—
724 2938 811 2991 Patria
853 2939 923 2992 inter
943 2940 1108 2992 severitatem
1129 2951 1154 2992 et
1174 2938 1369 3011 indulgentiam

301 3018 442 3072 auctoritas
458 3018 557 3072 remitti
571 3017 730 3091 aliquando,
742 3037 812 3072 nun·
855 3031 971 3083 teneret,
985 3037 1035 3072 nen
1048 3017 1177 3073 incideret
1191 3019 1219 3072 in
1233 3019 1373 3090 Scyllam,

302 3115 383 3168 quam
402 3097 468 3151 solvi
484 3097 578 3162 debet;
592 3099 643 3151 nisi
657 3099 721 3153 velit
739 3111 813 3170 pater
859 3097 987 3170 ·cupiens
1002 3099 1085 3152 vitare
1104 3097 1280 3168 Charybdim.
1294 3125 1306 3146 ι
1326 3101 1369 3154 Cf.

302 3175 426 3228 nonsibi
448 3189 571 3244 tanturn,
594 3176 640 3231 sed
665 3178 696 3232 iis
718 3177 813 3243 etiam,
856 3177 947 3230 Senee.
961 3175 1067 3244 deIra,
1083 3196 1224 3250 cappro,
1242 3198 1277 3232 ar
1292 3219 1300 3243 ,
1317 3200 1371 3245 aa,

303 3255 400 3328 quibus
416 3257 558 3328 gratificari
578 3256 684 3323 studet,
705 3276 812 3330 perver-
858 3255 903 3310 23.
917 3257 1062 3310 Famabr'as.
1075 3289 1116 3298 —
1128 3259 1256 3327 largitate
1274 3261 1368 3318 nimia,

304 3354 360 3388 sam
383 3336 492 3407 gratiam
510 3337 679 3390 vehementer
697 3337 812 3390 officere.
856 3348 899 3390 aut
911 3339 1067 3407 parsimonia.
1086 3335 1152 3392 Inde
1169 3337 1270 3392 scilicet
1283 3339 1370 3409 prima

304 3415 474 3488 Temperavit
514 3416 641 3472 Chremes
669 3416 813 3489 reprehen-
857 3428 965 3470 venerat
973 3417 1037 3469 mali
1049 3418 1134 3480 labes,
1146 3415 1220 3488 quod
1230 3431 1309 3472 antea
1322 3438 1371 3490 pa·

303 3493 425 3558 sionem,
453 3508 480 3549 et
500 3494 536 3549 ad
557 3497 661 3550 mitiora
687 3495 814 3550 vocabula
856 3508 896 3550 ter
907 3510 1027 3569 sumptus
1036 3495 1372 3568 negabat,dictitanasem·

305 3575 450 3643 transtulit;
471 3580 551 3628 animo
573 3589 620 3628 tam
639 3578 698 3640 lani,
717 3575 813 3648 inquit,
856 3595 905 3648 per
923 3594 951 3629 se
972 3576 1113 3631 militatum
1132 3577 1243 3644 abiisse,
1259 3591 1372 3650 propter

304 3657 404 3707 ernisto
413 3651 496 3728 (quod
507 3655 591 3725 proha
601 3653 746 3710 admodum
757 3673 814 3708 sen·
857 3655 1021 3728 pauperiem.

305 3733 386 3788 'tentia
397 3727 532 3802 additur,)
547 3754 601 3788 esse
618 3733 814 3788 nondecet.1n
899 3743 964 3800 4⁴²·
985 3737 1067 3808 Atque
1078 3757 1108 3788 ea
1120 3737 1164 3788 illa
1179 3737 1278 3789 incides.
1293 3738 1372 3792 Both.

278 3856 285 3864 .
302 3812 356 3866 hoc
370 3815 440 3868 enirn
455 3833 550 3887 genere
562 3815 728 3881 certaminis,
744 3813 813 3867 filios
857 3828 927 3885 atqroe
943 3816 1000 3868 illuc
1012 3816 1109 3867 incides.
1127 3848 1166 3860 -
1178 3815 1316 3883 Frondem,
1328 3836 1371 3872 er·

303 3894 424 3964 patribus
432 3915 536 3968 aequum
548 3907 586 3948 est
595 3893 748 3959 concedere,
757 3913 812 3948 non
855 3914 955 3949 rorent.
968 3927 1007 3938 —
1018 3896 1060 3949 Ea
1072 3897 1118 3948 liae
1132 3917 1173 3963 re,
1184 3895 1311 3968 largitate.
1333 3927 1372 3938 —-

304 3985 389 4043 patres
407 3974 484 4042 filiis,
499 3973 571 4048 quod
586 3976 641 4046 jam
663 3987 721 4029 ante
737 3987 811 4028 extu·
857 3977 899 4029 Er
908 3977 966 4034 illa,
981 3975 1150 4048 parsimonia.
