3026 4862
233 363 308 452 462
460 362 640 432 PUBLII
667 361 874 431 TERENT
880 361 920 428 11
941 360 1066 429 AFRI

228 498 359 587 Quaeris
375 494 410 564 id
425 493 516 615 quod
531 493 651 582 habes,
666 508 839 589 parentes3
857 491 947 602 quod
961 492 1071 580 abest,
1086 517 1155 562 non
1168 495 1304 590 quaeris,

389 616 477 698 patm

232 709 414 800 Quomodo
431 710 635 803 obsequere,
656 722 690 777 et
705 731 816 777 serves
834 706 925 802 quod
942 705 1056 775 labore
1076 707 1249 776 invenerit.

230 819 310 888 Non
330 817 411 888 mihi
432 840 493 913 per
511 814 656 886 fallacias
677 814 842 885 adducere
862 828 939 884 ante
960 813 1094 884 oculos.
1110 861 1120 878 .
1137 811 1175 881 .P
1197 813 1305 886 Pudet

231 925 354 994 Dicere
369 924 434 992 hae
452 937 616 1019 praesente
630 921 770 992 verbum
789 918 909 1016 turpe?
926 923 972 990 At
989 936 1022 990 te
1041 919 1075 989 id
1094 918 1187 988 nullo
1203 923 1304 991 modo

230 1035 353 1100 Facere
367 1030 495 1127 puduit
507 1032 608 1184 'Cn'rn
628 1025 739 1102 Eheu!
756 1030 868 1117 Quam
890 1052 954 1123 ego
973 1052 1064 1098 nunc
1085 1041 1175 1098 totus
1191 1027 1303 1124 displi-

232 1245 345 1335 Quam
359 1136 612 1340 pddgtinlssdme
623 1242 713 1338 quod
723 1241 924 1339 principium
938 1242 1104 1312 inveniam
1120 1239 1163 1312 ad
1176 1161 1306 1337 placidi⁵

390 1351 472 1420 dum
487 1352 567 1422 scio.

237 1561 276 1614 sic
289 1561 340 1614 erit
348 1561 469 1614 locutio:
487 1557 579 1624 ·Quid
593 1558 639 1612 Dii
648 1559 702 1612 nint
715 1559 751 1612 la·
793 1558 901 1630 reponit
912 1561 951 1611 τέω
967 1561 1016 1622 mi,
1030 1576 1093 1612 oum
1105 1567 1218 1611 accentu
1229 1573 1306 1608 more
1386 1569 1389 1575 ¹

235 1641 306 1695 cuni
320 1643 415 1702 nescio,¹
429 1657 479 1711 ego
490 1637 616 1710 quidem,
630 1639 697 1711 quod
706 1659 766 1710 po.
793 1658 842 1694 nuo
855 1649 986 1692 notatum.
1002 1642 1037 1690 At
1051 1656 1101 1708 ego
1118 1654 1270 1708 pronomen
1283 1649 1307 1688 te

236 1734 304 1787 tem,
318 1719 417 1774 cavebo
430 1718 584 1791 diligenter,
598 1737 633 1773 ne
644 1719 753 1772 infamia
792 1718 931 1773 reticuime
943 1719 1072 1772 Nostrum
1084 1729 1215 1788 putarem,
1227 1736 1308 1787 prop·

234 1799 754 1871 liam.·—Nonabaqueloooestreferre‚
795 1796 1309 1870 tereaquaeposteriumsmotol're·

238 1880 398 1953 Dionysium
405 1881 567 1934 Lambitmm
577 1879 637 1942 ‚vir
649 1897 753 1934 summe
793 1891 865 1934 terea
878 1879 1029 1932 curabimus
1039 1878 1185 1942 utmibime.
1195 1877 1273 1948 patri,
1281 1892 1309 1932 et

238 1959 390 2026 eruditum,
403 1961 430 2014 in
444 1959 550 2032 egregia
563 1959 608 2013 illa
622 1957 657 2012 ad
671 1959 754 2014 Caro·
794 1959 840 2010 hac
854 1977 890 2012 ec.
902 1971 979 2010 mom
993 1958 1116 2030 opposita
1127 1957 1178 2011 eibi
1191 1957 1307 2012 invicem

237 2042 296 2094 lum
308 2042 350 2094 IX
361 2041 482 2112 *epistola
494 2039 639 2111 impietatis
653 2039 754 2093 Teren·
794 2057 851 2094 asae
864 2039 1050 2110 intelligamus.
1073 2039 1167 2108 ltaque
1189 2055 1239 2109 ego
1258 2055 1308 2107 per

236 2119 603 2192 tiumaoeusanae,quiahno
616 2121 712 2186 verba,
723 2131 755 2172 ut
795 2116 861 2174 duas
883 2118 1103 2190 interrogationes
1126 2118 1207 2172 factm
1221 2115 1303 2170 credo

238 2213 331 2274 putat,
341 2201 409 2255 irato
423 2201 478 2254 seni
490 2201 663 2265 tribuuntur,
674 2203 754 2252 nocio
795 2217 839 2252 me
851 2199 894 2254 hia
906 2218 987 2254 suum
1001 2199 1124 2252 versibus
1132 2199 1224 2252 lumen
1238 2210 1308 2252 attu-

237 2281 303 2334 ἀοι.
312 2279 365 2334 sed
376 2293 509 2353 quantum
519 2279 563 2334 bic
574 2293 639 2334 esset
648 2280 753 2334 invere-
793 2278 864 2334 lime.
885 2279 953 2334 Part.
974 2311 1015 2322 --
1029 2280 1089 2333 Non
1109 2279 1168 2332 mili
1181 2277 1306 2332 adducere.

238 2359 343 2416 cundia
356 2360 377 2414 ai
390 2361 447 2414 baec
460 2361 540 2414 verba
551 2360 670 2414 absolute
680 2358 754 2414 dioe-
795 2359 860 2414 Sub.
876 2357 1012 2424 dubitasti,
1025 2358 1164 2427 erubuisti,
1173 2359 1217 2414 vel
1227 2356 1308 2430 qaid-

238 2455 347 2507 rentur‚
359 2453 389 2494 ut
405 2441 464 2494 vult
480 2441 639 2506 Lambinus,
650 2453 754 2494 tantum
795 2437 857 2495 dam
871 2440 931 2494 tale.
947 2440 1083 2505 -Pudet,
1093 2439 1152 2493 sub.
1162 2459 1207 2494 me.

238 2515 755 2593 raoatTerentiuaeulpa,niiogitaveria,
840 2525 924 2585 ¹044·
944 2521 1017 2587 Hoc‚
1033 2533 1119 2574 matre
1132 2532 1186 2574 tua.
1202 2521 1242 2574 Ea
1253 2531 1310 2574 erat

235 2601 317 2656 innui
333 2601 386 2654 hoo
402 2602 478 2660 loeo,
498 2613 527 2654 ut
542 2603 598 2672 jam
617 2599 753 2656 diximus:
795 2601 927 2674 gruniant
939 2601 1058 2656 romania
1069 2619 1131 2672 erga
1141 2618 1238 2654 uxorea
1250 2618 1310 2654 auae

204 2709 207 2720 =
243 2709 255 2730 ι
268 2681 365 2736 Nescio
387 2680 453 2753 quid
473 2682 560 2735 faeere
580 2679 757 2738 decreverunt
795 2681 1309 2749 reverentiamtnullumomninoinre·

239 2762 294 2816 Dii.
310 2787 322 2809 ι
340 2759 384 2816 Sic
393 2762 474 2829 alibi,
489 2759 545 2832 396
557 2779 564 2815 :
577 2762 666 2816 Nescio
678 2761 756 2830 atta,
796 2758 947 2816 recundum
958 2763 1071 2817 verbum
1091 2779 1181 2814 eoram
1195 2761 1234 2814 eia
1248 2778 1310 2832 pro-

241 2840 273 2895 Id
281 2853 334 2908 eat,
343 2840 410 2913 quid
421 2843 479 2898 alie
489 2841 614 2896 mulieres
624 2841 731 2896 faciant.
797 2841 925 2896 nunciare
934 2842 1088 2896 voluissent·
1105 2839 1188 2906 Quod
1199 2839 1310 2913 quidem

286 2929 371 2986 1041.
400 2921 524 2978 Parentes.
553 2921 652 2993 Script.
678 2923 754 2976 flent.
798 2920 945 2976 suadebant
956 2922 1057 2994 pariter
1070 2921 1213 2993 etreligio‚
1228 2933 1255 2974 et
1271 2918 1310 2972 ei·
1418 2941 1427 2960 ι

237 3004 363 3073 parentis,
373 3013 403 3054 ut
414 3002 494 3074 hujus
506 3000 581 3056 modi
593 3003 643 3056 alia
655 3005 757 3068 memb,
797 3001 887 3056 vitatis
902 3003 972 3056 bona
984 3001 1191 3056 administratio.
1201 3031 1241 3044 --
1250 3000 1310 3052 Ven-

240 3101 320 3135 onmes
338 3100 389 3153 pro
411 3101 515 3145 meteres,
532 3083 760 3152 omnen—Quod
799 3082 854 3136 ὂωη
864 3095 941 3153 turpe.
949 3083 1044 3136 Noluit
1055 3079 1145 3136 dicere
1157 3083 1309 3134 motam.

240 3163 317 3216 abest.
335 3161 400 3216 Mna.
411 3162 549 3218 Weeterh.
568 3160 673 3218 addunt
689 3183 705 3214 a
724 3177 756 3218 te.
799 3163 885 3216 -ut
893 3162 1048 3218 Meretricia
1063 3163 1164 3217 scilieet
1171 3173 1311 3216 oomnetn·

244 3241 320 3314 Quod
327 3243 459 3311 obesum
472 3242 612 3316 qnoera'ufl,
624 3261 648 3296 e.
661 3261 756 3314 quem·
798 3240 919 3298 dinami.

242 3321 388 3377 admodum
406 3322 476 3395 patri
491 3322 653 3394 obsequaris.
671 3324 711 3376 Et
718 3335 758 3378 est
843 3323 924 3387 104⁵.
945 3323 1038 3376 Facem
1048 3323 1144 3394 puduit.
1160 3321 1212 3375 Alii
1222 3319 1312 3392 produit

243 3403 422 3475 compositum
434 3422 468 3458 ex
481 3403 636 3465 eontrariia,
652 3421 711 3475 que
723 3403 756 3456 fl·
793 3405 886 3471 facere.
900 3405 935 3458 Et
948 3404 1012 3466 imo,
1024 3403 1126 3475 aliquot
1137 3403 1215 3456 Bent.
1230 3399 1310 3455 oodd.

241 3503 307 3555 guae
318 3481 418 3538 dicitur
429 3484 623 3548 ἀντίθετον,νεί
636 3485 757 3555 πάρισον,
798 3484 945 3554 Piguitsac.
962 3516 1001 3526 -
1021 3484 1102 3553 Quam
1111 3503 1156 3554 ego
1172 3501 1235 3535 nuuc
1247 3492 1310 3534 toton

244 3561 275 3616 id
284 3575 332 3628 est,
341 3563 455 3634 equatio
466 3564 611 3620 sententie.
623 3564 755 3636 Eugrapb.
799 3564 913 3636 displiceo
928 3565 1002 3616 milei!
1024 3564 1078 3630 Qui
1098 3563 1176 3617 tantis
1186 3563 1312 3634 objurga·

287 3649 371 3706 roda.
392 3645 431 3698 Et
440 3665 524 3698 serves.
538 3644 593 3698 Alii
603 3656 666 3697 ante
680 3664 757 3698 semes
802 3645 921 3698 tionibus
934 3643 1048 3716 dignum
1068 3661 1112 3696 me
1126 3641 1245 3716 praestiti.

242 3735 404 3794 praeponunt
414 3735 450 3788 ut,
459 3723 534 3797 quod
543 3725 682 3780 omisimus
694 3743 757 3779 cum
845 3729 928 3790 1046.
942 3725 1051 3795 Princip.
1060 3727 1176 3778 inveniam
1189 3723 1221 3776 C.
1234 3721 1311 3776 G.m.

243 3804 321 3856 Bent.
336 3803 415 3857 Both.
430 3805 499 3859 Peri.
512 3806 571 3877 Bip.
803 3807 924 3876 incipiam.
938 3803 1072 3860 Itid.Par.
1084 3805 1159 3858 luc,
1175 3803 1236 3856 flat.
1247 3807 1312 3856 ὑπω-

289 3883 375 3947 1043.
396 3885 454 3938 Non
470 3887 528 3938 mitt
542 3886 658 3957 parsuli.
680 3886 757 3940 Rent.
798 3889 874 3956 piam.
882 3885 971 3940 -Ad
975 3885 1132 3956 placandam,
1141 3885 1201 3938 nub.
1206 3894 1310 3954 patrem.
