3000 4866
331 430 392 496 DE
421 429 569 498 DICTIS
596 429 638 494 D.
667 428 701 492 F.
731 427 1021 496 PETRARCHAE.
1155 455 1213 500 arx

153 536 257 603 fuisse
278 535 414 603 Periisse
440 558 514 602 eum
539 535 573 600 in
597 531 756 619 Arcadia,
776 535 847 626 ipso
866 531 983 601 eodem
1007 547 1088 603 teste
1106 535 1209 606 Euse-

152 641 220 726 bio,
239 655 356 710 notum
377 655 434 710 est.
457 643 502 708 Et
519 641 551 706 in
569 633 682 733 primis
704 639 836 732 quidem
853 653 995 733 quatuor
1012 641 1211 727 Comoediis,

152 746 273 817 scilicet
286 747 429 833 Andria,
441 747 620 832 Eunucho,
637 747 1029 834 Heautontimorumeno,
1043 746 1212 842 Adelphis,

153 853 371 922 Menandrum
402 854 614 922 Comicorum
642 853 822 945 principem
851 853 1044 921 Graecorum
1067 855 1213 924 imitatus

152 959 312 1044 creditur,
335 959 425 1053 quod
449 973 482 1027 et
504 958 643 1027 rubrieae
670 959 965 1028 vetustissimorum
993 959 1144 1028 codicum
1168 962 1213 1029 in·

153 1081 267 1134 nuunt.
290 1067 384 1154 Quin
409 1079 537 1161 partem
564 1065 754 1159 scripturae,
781 1066 856 1158 quia
887 1063 961 1159 plus
991 1065 1212 1154 confusionis,

151 1191 245 1266 quam
254 1171 337 1241 lucis
348 1171 546 1240 habererisa
561 1185 626 1259 est,
640 1172 745 1240 sciens
756 1172 859 1240 omisi.
870 1173 1020 1240 Innuunt
1035 1185 1068 1241 et
1079 1171 1213 1267 Prologi

153 1276 282 1371 quidam
297 1279 332 1346 in
348 1276 481 1373 reliquis
498 1277 625 1347 duabus
638 1275 877 1371 Apollodorum
895 1278 1116 1347 Corinthium.
1129 1279 1215 1347 Ven-

154 1383 269 1453 didisse
290 1409 368 1452 eum
386 1384 586 1453 Eunuchum
610 1409 727 1471 suum,
747 1383 835 1452 fama
850 1398 918 1471 est,
936 1385 1053 1478 viginti
1071 1382 1215 1455 millibus

153 1489 324 1559 nummdm
340 1517 347 1558 :
366 1490 457 1586 quod
475 1492 618 1585 pretium
640 1505 716 1559 ante
739 1515 814 1559 eum
832 1489 941 1559 nullus
960 1505 1142 1586 acceperat.
1163 1490 1215 1559 Ad
1285 1553 1290 1558 ,.

153 1621 334 1681 summum,
354 1622 415 1666 suo
434 1621 554 1692 genere
572 1595 728 1692 poetandi
749 1609 859 1666 tantus
876 1598 928 1665 vir
946 1596 1024 1684 fuit,
1040 1612 1077 1666 ut
1096 1598 1216 1666 Hiero·

152 1719 267 1796 nymus
285 1704 372 1772 inter
388 1718 530 1798 quatuor
545 1718 739 1797 poetarum,
754 1703 838 1773 duos
861 1701 984 1772 seilicet
1004 1706 1216 1789 Graecorum,

152 1821 184 1876 et
197 1808 335 1878 totidem
350 1811 566 1892 Latinorum,
582 1808 682 1878 duces
696 1824 851 1903 quartum
868 1810 958 1879 hunc
967 1811 1138 1882 nominare
1147 1835 1216 1878 non

150 1913 297 1998 dubitet,
312 1915 379 1984 hoc
394 1915 532 1984 ordine:
551 1919 751 2000 Homerum,
768 1914 961 2009 Virgilium,
978 1916 1217 2004 Menandrum,

150 2021 362 2089 Terentium:
384 2045 483 2115 quam
506 2021 566 2090 sibi
590 2019 815 2090 excellentiam
834 2047 902 2090 non
917 2020 991 2114 styli
1012 2023 1161 2090 attribuit
1176 2021 1218 2092 al·

151 2125 275 2214 titudo,
296 2151 362 2222 qua
385 2151 406 2195 a
429 2127 540 2196 multis
559 2151 626 2196 non
648 2127 747 2196 dubie
772 2142 806 2196 et
825 2127 1010 2194 Menander
1029 2127 1118 2222 apud
1140 2152 1216 2198 suos

151 2233 305 2316 vincitur,
329 2248 364 2302 et
379 2235 552 2302 Terentius
569 2233 658 2327 apud
675 2233 834 2320 Nostros,
855 2246 889 2300 et
908 2257 980 2326 quae
995 2234 1028 2300 in
1048 2231 1217 2302 comoediis
1269 2273 1270 2280 κ

149 2361 214 2406 non
228 2338 332 2408 modo
341 2365 410 2408 non
427 2339 691 2427 neeessaria,sed
705 2339 899 2434 plerumque
914 2339 1013 2407 etiam
1027 2339 1145 2407 vitiosa
1158 2351 1216 2409 est.

149 2444 236 2532 Quid
259 2470 348 2538 ergo
376 2446 599 2529 humanorum
628 2470 760 2514 morum
791 2460 906 2514 exacta
933 2445 1049 2514 notitia
1076 2459 1110 2513 et
1132 2444 1216 2514 ordo

148 2553 346 2620 narrationis
360 2552 402 2620 ab
422 2554 493 2646 ipso
516 2553 677 2622 Cicerone
695 2551 858 2639 laudatur,
880 2565 914 2620 et
934 2550 1008 2646 styli
1024 2551 1213 2645 jucunditas

148 2680 185 2724 ac
202 2655 340 2751 gratia?
359 2658 422 2728 Sed
443 2659 688 2753 superomnia,
709 2673 745 2726 ut
772 2657 968 2753 quibusdam
994 2656 1122 2752 placet,
1144 2656 1215 2727 sola

117 2845 123 2852 Ι
150 2767 336 2858 proprietas
346 2764 417 2833 haec
432 2764 525 2854 facit,
545 2767 677 2834 ut'enim
690 2763 952 2859 primoAEneidis
967 2778 1156 2834 commento
1172 2765 1217 2834 ait

149 2869 304 2958 Servius,
324 2870 493 2940 sciendum
513 2886 562 2962 est
574 2871 764 2940 Terentium
787 2885 924 2966 propter
942 2868 1045 2940 solam
1068 2873 1216 2964 proprie·

148 2988 243 3046 tatem
261 2977 425 3047 omnibus
443 2979 587 3047 Comicis
608 3002 678 3046 esse
693 2976 884 3073 praelatum:
899 2977 1019 3071 quibus
1036 2992 1103 3064 est,
1116 3001 1218 3071 quan·
1316 3027 1320 3037 .
1377 3027 1382 3040 .

148 3094 214 3150 turn
231 3097 367 3178 spectat
384 3083 425 3151 ad
442 3098 578 3171 caetera,
589 3083 734 3153 inferior.
751 3083 852 3172 Quod
873 3081 1026 3152 ultimum
1043 3083 1218 3168 omnibus,

148 3212 227 3280 quus
245 3190 363 3285 legere
374 3191 487 3284 potui,
502 3189 818 3280 commentaton'bus
833 3191 992 3271 excussis,
1010 3190 1115 3259 Servii
1133 3188 1223 3259 salva

147 3316 226 3385 paee
246 3322 319 3367 non
344 3296 506 3391 approbo.
527 3299 607 3365 Haee
627 3295 679 3365 vel
701 3296 743 3365 ad
771 3297 922 3365 notitiam
942 3294 1148 3382 habendam,
1167 3292 1220 3362 vel

145 3399 187 3469 ad
203 3427 357 3474 errorem
373 3400 623 3491 declinandum,
633 3403 778 3472 breviter
790 3402 831 3471 de
845 3403 1001 3473 Terentio
1010 3400 1098 3470 dicta
1110 3412 1219 3471 sunto.

424 3677 427 3684 ·
495 3679 885 3714 marom-—
