3014 4860
308 390 382 472 ιιι
538 341 1136 456 runcn'runuurnnrm

306 525 446 616 Aperte,
461 519 508 589 itu
529 534 567 588 ut
585 544 638 590 res
659 544 729 590 sese
749 521 871 611 hahet,
892 543 1036 589 narrare.
1055 569 1064 586 .
1142 523 1252 620 'Cum
1270 521 1368 610 Quid

441 623 535 695 ·ais?
556 627 638 697 Srn.
660 627 791 697 Jubeo:
814 657 818 667 ·

245 757 253 766 ·
304 731 401 802 Illam
420 747 453 802 te
475 755 603 822 amare,
618 747 652 802 ct
667 731 752 804 velle
762 759 924 822 ‚uxorem3
941 735 1030 803 hanc
1045 759 1115 804 esse
1133 732 1346 829 Clitiphonis.

305 842 405 909 Cum.
421 843 548 909 Bonam
565 854 664 934 atque
677 840 800 934 justum
815 865 886 910 tem
907 840 1030 937 oppido
1051 842 1210 936 imperas,
1226 855 1262 910 et
1278 839 1370 910 fectu

461 944 601 1015 facilem.

302 1054 347 1120 Et
366 1049 491 1122 scilicet
505 1053 576 1146 jam
595 1077 648 1122 mc
665 1052 730 1122 hoc
750 1053 842 1124 voles
859 1068 988 1149 patrem
1002 1077 1159 1140 exorare,
1173 1066 1211 1122 ut
1228 1051 1313 1122 celet
1330 1081 1369 1135 ,ιε

304 1159 424 1228 Senem
440 1173 599 1228 vestrum.
615 1161 695 1228 Srn.
715 1162 842 1248 Immo,
860 1173 898 1228 ut
915 1175 1005 1230 recta
1026 1161 1081 1228 via
1097 1183 1169 1228 rem
1188 1174 1303 1228 narret
1319 1186 1371 1228 or

461 1263 539 1334 dine
560 1290 703 1335 omnem.
722 1268 823 1337 Cum.
844 1269 948 1350 Hem,

301 1369 403 1440 satin’
414 1395 513 1440 sanus
523 1395 575 1458 es,
584 1386 642 1442 aut
655 1371 804 1442 sobrius?
814 1374 865 1442 Tu
877 1371 1009 1466 quidem
1022 1370 1116 1441 illum
1130 1369 1228 1466 plene
1240 1371 1367 1466 prodis.

302 1475 389 1545 Nam
404 1475 461 1570 qui
478 1475 532 1546 ille
548 1481 670 1573 poterit
684 1503 755 1548 esse
769 1479 802 1548 in
816 1493 905 1564 tuto,
923 1476 976 1547 dic
991 1479 1083 1548 mihi.

302 1585 385 1654 Srn.
400 1585 485 1652 Huic
499 1584 650 1678 equidem
667 1583 803 1654 consilio
816 1583 962 1680 palmam
976 1585 1038 1654 do:
1050 1584 1107 1653 hic
1122 1608 1176 1653 me
1191 1582 1368 1678 magnifice

443 1689 577 1777 effero,

343 1913 411 1965 7⁰³·
439 1889 561 1950 Narrare.
586 1896 629 1951 Sic
648 1899 711 1951 scite
731 1899 809 1950 Bent.
852 1897 1079 1965 -Srnurmnu
1091 1897 1367 1962 ιιιειιιὶι--ὃώι-ἱω,

303 1973 379 2047 fingit
397 1975 459 2048 syri
482 1995 538 2030 esse
557 1977 631 2049 quasi
652 1978 810 2048 interrupti,
852 1997 908 2031 ιιοιι
931 1977 1099 2032 temulentus
1118 2008 1159 2021 ·-
1181 1977 1271 2040 Illum,
1292 1977 1368 2031 Cliti-

302 2055 810 2129 rocemjubeoeddituriNulgonarmto.
853 2056 981 2128 phonem.
1001 2087 1041 2098 —
1063 2056 1158 2110 Pmdu.
1171 2055 1295 2109 Verbum
1313 2057 1366 2112 hoc

303 2165 345 2178 -
368 2136 487 2190 Narrare.
510 2137 637 2190 Dicturus
655 2149 713 2200 erat
729 2135 812 2207 Syrus
855 2137 980 2191 Terentio
996 2136 1126 2190 familiare
1140 2147 1180 2188 est
1193 2135 1241 2189 illo
1254 2135 1368 2207 eleganti

302 2214 387 2268 Iubeo.
398 2214 452 2270 sed
461 2216 558 2282 Clinia,
568 2215 744 2270 admiratione
753 2235 812 2288 per·
853 2215 1013 2288 significatu.
1028 2213 1101 2287 quod
1116 2213 1189 2270 idem
1208 2227 1249 2268 est
1267 2233 1299 2269 ac
1308 2237 1368 2287 per-

302 2311 410 2362 cussus,
423 2296 601 2368 interpellavit
614 2293 743 2362 dicendo,
754 2295 815 2368 quid
854 2297 917 2349 dem.
932 2295 1011 2350 Boecl.

302 2377 363 2426 ais?
894 2378 959 2447 708.
976 2377 1006 2428 In
1023 2387 1082 2428 nito.
1097 2375 1145 2428 vi·
1161 2387 1201 2427 eet
1217 2374 1245 2426 in
1265 2378 1368 2447 repeti·

346 2452 411 2522 703.
439 2455 535 2519 Illam,
562 2455 737 2527 Antiphilam.
770 2487 811 2498 -·-
854 2457 927 2510 tione
945 2455 1021 2508 verbi
1036 2452 1112 2526 quod
1130 2463 1207 2508 antee
1228 2471 1267 2506 vs.
1292 2455 1368 2526 695,

302 2531 389 2594 Hanc,
406 2534 573 2590 Bacchidem.
853 2534 957 2588 dixerat
974 2534 1072 2606 Syrus,
1091 2551 1147 2587 rem
1162 2532 1326 2605 Clitiphonis
1341 2540 1370 2588 in

344 2619 408 2682 7⁰4·
430 2613 525 2666 Bonam
545 2627 616 2686 atque
633 2617 726 2684 justam
745 2634 809 2680 rem,
854 2627 905 2668 tuto
916 2611 1096 2670 collocandam
1108 2632 1170 2667 esse.
1186 2612 1290 2667 Boecler.

303 2691 812 2766 etc.BeneCelphurniussiposuisehmc
894 2713 960 2765 7⁰9·
975 2695 1071 2762 Effero.
1093 2694 1154 2748 Per.
1168 2691 1212 2746 ed.
1225 2693 1278 2744 lroec
1287 2695 1364 2762 fero,

304 2767 448 2829 dicinout.
456 2805 496 2814 -
504 2797 515 2819 ι
525 2774 600 2828 Nihil
607 2773 710 2826 facilius
718 2773 812 2839 fuecit,
853 2775 943 2828 nescio
957 2772 1039 2828 unde.
1052 2773 1119 2826 Perl.
1134 2805 1175 2816 -
1187 2771 1254 2824 Huic
1266 2773 1368 2825 consilio

303 2867 383 2920 quem
399 2851 451 2904 hoc
469 2853 569 2918 lacere,
587 2851 661 2923 quod
684 2853 811 2923 imperas,
851 2855 956 2922 petriam
969 2855 1009 2906 do.
1024 2855 1082 2906 Hoc
1096 2867 1135 2906 est
1147 2854 1271 2905 mentior.
1280 2853 1367 2906 Mari·

289 2929 357 2982 ¹sive
371 2931 494 3000 postulas.
510 2929 564 2985 sed
578 2929 643 3003 quid
658 2929 756 2984 deinde
769 2933 811 2984 su·
855 2950 923 2985 mem
954 2933 1092 2986 victorium
1115 2943 1142 2984 et
1161 2932 1273 3000 gloriam
1299 2931 1367 2984 mihi

305 3020 395 3062 turum
411 3008 466 3063 est?
480 3010 584 3066 Scilicet
596 3023 652 3064 tum
672 3010 810 3081 hoe-jube
825 3065 833 3078 ,
853 3009 983 3070 concedo,
997 3023 1027 3064 ut
1036 3029 1129 3064 vemm
1140 3007 1257 3064 dicendo
1271 3011 1367 3064 ambos

302 3089 411 3154 his,ut,
424 3101 497 3144 etc.»
511 3091 641 3142 Boeelerus.
853 3091 951 3145 sellem.
980 3087 1137 3144 Secundum
1158 3090 1223 3151 hoc,
1249 3103 1281 3143 ut
1309 3109 1367 3144 non

344 3169 408 3239 705.
437 3168 550 3222 Bothius
576 3168 646 3241 Syro
669 3181 692 3220 et
719 3170 812 3223 tribuit
853 3170 943 3224 credet
952 3189 1034 3224 senex
1043 3181 1133 3224 noster
1141 3169 1251 3223 emicem
1261 3169 1313 3222 filii
1323 3171 1365 3223 sui

300 3249 422 3320 pergenti
435 3248 810 3320 imperare-Eeorarehlii
853 3269 909 3304 esse
918 3251 1101 3313 meretricem,
1113 3250 1191 3302 etium
1205 3249 1227 3300 si
1240 3247 1365 3303 eudierit.

302 3349 381 3383 omre.
395 3361 435 3374 ·-
446 3329 518 3394 1100,
531 3347 566 3382 sc.
579 3339 607 3381 ut
617 3330 693 3392 celet,
707 3341 757 3383 etc.
770 3360 809 3371 -
852 3330 954 3382 Boecler.
971 3361 1012 3373 -
1028 3329 1111 3399 Syrus
1122 3328 1210 3382 adhuc
1223 3347 1276 3399 pro
1290 3347 1365 3382 more

303 3409 403 3462 Patrem
416 3429 481 3462 seor.
497 3411 521 3462 A
535 3421 611 3480 putre
623 3409 747 3480 precihus
761 3410 809 3462 oh·
852 3429 899 3462 suo
910 3409 1078 3482 imperatorie
1087 3408 1258 3480 locutus,jam
1269 3408 1365 3462 trium·

301 3487 396 3542 tinere.
411 3520 451 3532 -
469 3489 503 3542 Ut
521 3490 580 3541 celet
594 3509 671 3542 senem
691 3501 809 3554 vestrum,
851 3489 935 3560 plnum
962 3489 1048 3554 eruit,
1062 3505 1168 3542 securus
1187 3489 1364 3542 victorie.—

300 3567 374 3636 quod
387 3569 470 3640 ipsius
479 3569 562 3624 amics
575 3570 610 3621 sit
622 3569 755 3622 meretrix.
851 3569 913 3622 Nou
941 3569 1036 3622 frustra
1060 3564 1263 3621 commendetur
1283 3568 1364 3639 paulo

340 3650 403 3717 706.
427 3647 510 3701 Seriem
534 3661 608 3701 vestr.
630 3649 709 3702 Both.
733 3667 809 3700 senem
850 3649 987 3720 operosius
1006 3647 1071 3700 novi
1090 3665 1120 3700 ac
1138 3645 1278 3718 singularis
1293 3665 1365 3700 oom-

300 3727 416 3791 omittit‚
428 3740 454 3781 et
465 3747 515 3800 pro
525 3729 623 3798 utlegit
633 3727 807 3797 ott-Vulgo
851 3729 933 3782 menti
943 3747 1039 3799 genus,
1049 3745 1104 3798 quo
1112 3727 1201 3780 fabule
1214 3725 1363 3780 intricando

298 3825 388 3858 omnem
397 3807 538 3862 omittitur.
545 3840 585 3853 -—
593 3797 747 3878 Immo,fquiu
758 3825 807 3876 po·
851 3805 939 3860 denuo
949 3821 1012 3861 crat.
1022 3807 1079 3859 Hoc
1086 3825 1118 3858 ex
1129 3805 1248 3858 instituto
1260 3819 1360 3876 poetrr:

297 3885 807 3952 tius·-Rectavic,sinediverticulo.-—
851 3886 923 3958 quod
934 3905 989 3941 non
1000 3885 1110 3939 dedecet
1119 3885 1224 3940 interim
1235 3887 1362 3956 πιριιργὶς

298 3965 357 4017 Item
365 3967 448 4018 ordme
457 3987 561 4032 omnen,
574 3987 643 4027 rem.
654 3980 684 4020 ut
694 3980 751 4022 ecte
761 3979 807 4020 est.
851 3967 952 4020 servilis
974 3967 1104 4037 jactantie
1122 3967 1149 4019 in
1169 3965 1209 4018 his
1230 3965 1360 4042 versibus.

233 4079 237 4088 ·
337 4061 402 4115 707.
415 4046 513 4100 Prodis.
522 4047 599 4102 Lihb.
611 4048 704 4102 Bemh.
712 4047 804 4119 perdis.
851 4048 927 4101 Bari.
935 4047 1025 4100 -Me
1035 4047 1124 4115 effero,
1139 4043 1286 4116 triumpho.
