2926 4858
266 406 391 456 cxxxiv
526 387 738 460 ERASMUS
762 387 1076 462 ROTERDAMUS

347 525 353 536 '
549 535 634 608 Aca.
664 557 710 603 ιν.
740 524 919 625 Sc.1(vs.
950 527 1051 631 574).

270 671 455 742 «Senectus
474 672 546 768 ipsa
566 689 617 745 εει
635 676 812 749 morbus.»
831 675 1080 772 Apollodorus:

266 777 312 844 Τὸ
326 777 421 872 γῆράς
437 780 518 846 ἐστιν
533 777 610 848 αὐτό
627 782 759 878 νόσημα.

268 875 400 970 Ibid.(5
405 877 477 970 86).
496 889 591 981 «Ego
601 911 752 959 meorum
768 886 857 959 solus
870 915 943 959 sum
952 915 1079 960 meus.»
1089 888 1336 985 Apollodorus:

267 974 341 1086 Ἐγὼ
361 991 422 1084 γάρ
444 990 506 1085 εἰμι
522 1000 583 1061 τῶν
603 996 682 1088 ἐμῶν
704 998 775 1090 ἐμὸς
794 997 896 1090 μόνος.

543 1136 627 1206 Aca.
655 1158 703 1206 tv.
730 1137 785 1208 So.
814 1159 849 1206 iv
877 1124 940 1230 (vs.
964 1125 1065 1234 697).

272 1271 393 1342 «Dicis
410 1271 502 1367 quod
518 1271 596 1344 mali
618 1288 688 1361 est,
705 1303 723 1341 r
741 1288 803 1344 etc.
818 1274 1028 1345 Menander:

277 1424 498 1444 .........
501 1383 912 1479 -...........Λέγιις

264 1471 322 1551 Aet
336 1485 375 1551 τὸ
392 1490 527 1572 λυποῦν,
544 1478 640 1579 μηδὲν
659 1487 905 1582 ἀντιπαρατιθεὶς

266 1591 336 1656 Τῶν
354 1593 613 1687 reponte-sonions.

264 1695 402 1791 Semper
415 1697 505 1792 quod
520 1723 696 1770 moerorem
708 1700 807 1771 affert
820 1725 953 1786 narras,
965 1701 1048 1770 nihil
1062 1723 1179 1772 eorum
1194 1701 1336 1790 addens,

316 1801 408 1904 quod
423 1803 640 1876 exadversum
657 1801 807 1902 alloquiis
828 1809 871 1878 sit
886 1807 1053 1878 idoneum.

601 2027 995 2066 ψ·

359 2261 480 2352 DES.
516 2263 790 2356 ERASMUS
821 2263 1236 2354 ROTERDAMUS

651 2449 719 2520 DE
746 2448 945 2519 METRIS.

315 2657 444 2728 Comici
470 2660 580 2730 Latini
606 2659 746 2734 multam
770 2659 958 2732 libertatem
981 2661 1042 2731 sibi
1068 2675 1273 2757 usurparunt
1297 2661 1336 2730 in

262 2764 434 2850 versibus,
455 2765 513 2834 sed
534 2791 634 2836 nemo
653 2765 775 2863 largius
789 2767 973 2837 Terentio:
994 2767 1078 2838 adeo
1098 2781 1136 2836 ut
1154 2767 1244 2862 apud
1263 2769 1335 2862 pri-

239 2887 242 2894 '
261 2897 336 2949 scos
354 2895 487 2967 quoque
506 2871 630 2943 fuerint
644 2875 702 2969 qni
720 2873 927 2967 judicarent,
942 2875 977 2942 in
994 2875 1094 2968 hujus
1104 2871 1237 2943 Fabulis
1255 2872 1335 2944 nut-

260 2977 329 3048 lam
348 3001 420 3048 esse
438 2981 621 3050 carminum
643 2979 762 3077 legem.
788 2981 854 3051 Sed
870 2981 934 3051 hos
954 2979 1023 3049 falli
1043 2979 1257 3058 manifestum
1271 2995 1334 3050 εει.

261 3087 391 3156 Rursus
409 3085 544 3156 fuerunt
560 3089 618 3183 qni
635 3105 704 3157 non
722 3101 904 3183 negarunt,
927 3087 969 3156 ab
984 3087 1051 3156 hoc
1064 3087 1189 3156 servari
1206 3099 1334 3156 metro-

199 3187 202 3196 ’
262 3215 338 3266 rum
353 3191 459 3288 leges,
477 3193 535 3262 sed
556 3193 600 3263 ob
619 3193 832 3264 immodicam
846 3191 1033 3263 libertatem
1052 3217 1120 3262 non
1132 3217 1204 3262 esse
1221 3217 1336 3288 operae

260 3299 405 3396 pretium
421 3301 568 3393 torqueri
579 3299 696 3370 doctos
705 3301 889 3372 carminum
899 3300 1122 3386 dimensione,
1133 3300 1224 3394 quod
1234 3314 1269 3369 et
1278 3325 1335 3371 res

260 3407 305 3476 sit
321 3407 474 3476 immensi
491 3404 629 3495 laboris,
645 3431 707 3478 nee
721 3409 768 3476 ita
784 3404 926 3506 maltum
943 3404 1064 3478 inferat
1082 3404 1195 3500 frugis.
1208 3409 1255 3474 At
1267 3431 1335 3502 ego

259 3513 303 3583 ab
317 3527 458 3608 utroque
471 3537 595 3607 genere
608 3512 764 3584 dissentio
772 3539 780 3583 ε
788 3538 878 3602 nam,
889 3514 1141 3585 utmanifestius
1155 3526 1217 3598 est,
1229 3537 1334 3607 qnam

258 3633 298 3688 ut
309 3634 404 3712 egeat
415 3619 628 3714 probatione,
637 3621 784 3708 Terentii
795 3619 985 3691 Comoedias
996 3619 1145 3690 versibus
1158 3632 1333 3690 constare:

257 3727 322 3814 ita,
343 3727 400 3819 qui
421 3724 651 3822 negligendam
672 3741 833 3822 putarunt
853 3741 1038 3796 metrorum
1060 3726 1244 3811 rationem,
1261 3725 1334 3796 fre·

258 3845 400 3927 quenter
417 3834 527 3901 Poetae
542 3857 731 3906 sermonem
748 3847 988 3930 corruperunt,
1006 3831 1085 3901 dum
1101 3830 1198 3902 aliam
1210 3855 1333 3902 vocem

257 3962 321 4032 pro
337 3937 400 4006 alia
416 3937 608 4030 subjiciunt,
623 3938 713 4035 quod
736 3941 875 4016 nimium
898 3963 983 4034 saepe
1001 3964 1064 4008 usu
1083 3939 1173 4007 venit
1191 3939 1332 4027 scribis,

256 4046 293 4114 in
307 4043 496 4114 auctoribus
506 4043 621 4115 solutae
632 4046 787 4116 dictionis
800 4073 808 4115 :
820 4045 900 4116 dum
913 4044 1039 4114 addunt
1048 4060 1147 4139 atque
1159 4045 1331 4116 adimunt:
1450 4039 1451 4046 '
