2996 4852
382 335 695 409 uniuntur.
724 340 808 424 111,
837 339 901 408 so.
930 340 956 406 1.
1120 336 1197 434 3‘75

138 469 234 536 Meu.
248 465 337 536 Num
355 466 511 563 quidnam
532 467 574 540 de
592 485 693 567 gnato
708 495 782 542 meo
801 469 941 556 audisti,
956 467 1119 542 Chreme?

138 575 230 643 Cnn.
251 571 350 644 Valet
375 589 474 669 atque
498 577 590 646 vivit.
610 578 706 648 Meu.
727 577 872 646 Ubinam
891 579 932 646 'st
954 575 1086 669 queso?
1108 579 1198 648 Cun.

131 735 132 742 ,
296 680 394 775 Apud
412 705 484 761 me,
499 680 599 753 dorni.
1159 713 1199 760 o.

138 787 235 856 Meu.
261 786 359 855 Meus
383 783 520 882 gnatus!
546 792 636 859 Cnu.
668 788 723 860 Sic
751 803 809 860 est.
838 789 934 858 Men.
956 787 1080 858 Venit?
1108 791 1197 862 Criu.

295 893 404 964 Certe.
426 895 522 964 Mun.
538 893 649 968 Clinia

137 997 235 1066 Meus
257 996 371 1068 venit?
393 1000 485 1072 Cnn.
500 1002 587 1088 Dixi.
609 1003 704 1072 ΜΕΝ.
722 1001 863 1090 Eamus,
881 999 948 1072 duo
969 1024 1024 1072 me
1045 1000 1198 1090 adeum,

295 1104 441 1176 obsecro.

138 1210 227 1278 Cnn.
247 1211 325 1280 Non
345 1210 419 1281 vult
439 1226 471 1282 te
490 1215 573 1284 scire
592 1237 627 1284 se
643 1213 765 1296 redisse
780 1213 898 1301 etium,
914 1229 948 1283 et
962 1227 1056 1283 tuum

133 1315 363 1411 Conspectum
381 1317 517 1414 fugitot3
536 1335 673 1417 propter
691 1335 863 1416 peceatum
878 1320 944 1390 hoo
959 1322 1071 1406 timet,

137 1421 190 1491 Ne
208 1434 265 1492 tua
282 1422 401 1493 duritia
416 1426 549 1524 antiqua
564 1425 620 1497 illa
635 1430 733 1500 etium
749 1426 888 1496 adaucta
906 1427 959 1495 sit.
1159 1455 1200 1502 ur

138 1601 212 1657 modi
223 1608 362 1679 esseoqu
373 1605 468 1662 debeat
479 1627 576 1682 cupere
587 1609 646 1664 lieri
689 1610 734 1664 tuli
756 1608 907 1681 principio,
929 1619 956 1662 et
976 1607 1067 1661 officio
1082 1607 1200 1680 pretium

137 1684 283 1756 pnrtioeps3
292 1687 339 1758 qui
349 1706 410 1758 ergo
419 1685 453 1742 sd
465 1689 529 1754 ulios
539 1707 647 1762 quoque
688 1688 813 1746 eoncilist
826 1707 910 1744 mors.
930 1689 1023 1761 ltaque
1037 1688 1153 1760 primunr
1167 1688 1201 1742 de

138 1780 189 1817 nec
201 1765 287 1835 ipsum
301 1765 384 1820 modo
396 1768 533 1836 pertinent,
547 1763 594 1842 dui
604 1787 648 1826 er·
689 1767 746 1824 lilio
764 1769 817 1821 hoc
830 1780 935 1821 tuntum
949 1769 1065 1821 nuntiat:
1085 1769 1152 1820 uolet
1164 1785 1203 1820 ur-

138 1861 172 1914 go
183 1863 237 1898 non
247 1845 359 1900 omuino
376 1845 507 1918 declinia
519 1861 585 1921 eget.
690 1867 736 1920 que
756 1852 829 1913 uiuit,
849 1845 923 1920 quod
936 1845 969 1900 sd
988 1845 1056 1900 illud
1068 1849 1201 1918 congruit,

179 1929 242 1992 4²9·
254 1925 440 1998 Numquidnam
452 1928 482 1979 de
495 1941 585 1998 gnato,
597 1941 646 1983 eto.
691 1926 867 1997 lrobur'filr'um,·
882 1945 944 1978 nuuc
961 1926 1060 1978 labeum
1077 1946 1148 1978 necue
1163 1931 1202 1979 r'u·

138 2003 209 2067 Qut·
225 2005 312 2057 omnis
325 2005 395 2075 illius
409 2006 561 2061 sollicitudo
579 2008 648 2062 circo
691 2019 778 2060 eertum
792 2017 835 2060 est.
856 2005 980 2078 Sequitur
995 2006 1105 2076 plenum
1121 2019 1146 2059 et
1159 2026 1203 2058 eo·

137 2082 308 2136 filiumsuum
322 2097 387 2149 erut,
402 2083 462 2138 ideo
471 2087 558 2140 statim
574 2085 648 2141 deeo
691 2084 776 2140 lidum
788 2083 930 2158 goudium:
944 2082 1024 2138 rediit
1036 2085 1120 2149 lilius,
1136 2085 1204 2156 apud

138 2163 281 2232 suspicetus
295 2175 348 2228 est,
360 2161 480 2218 noudum
494 2165 561 2220 luctu
573 2185 649 2222 men·
693 2185 729 2232 me
742 2177 793 2228 πῂ·
808 2177 837 2218 ut
852 2163 1025 2224 Menedemus
1035 2163 1203 2218 Chremetem

139 2241 220 2294 tione.
592 2233 595 2240 ⁴
691 2233 1052 2310 nonoonsolutorem'modo,
1066 2241 1204 2295 sedlortu·

181 2321 245 2384 430.
267 2322 344 2375 Valet
355 2335 425 2394 atque
437 2327 507 2378 uiuit.
525 2325 603 2378 Both.
620 2325 648 2378 rd
691 2341 733 2377 nu
752 2323 870 2376 melioris
891 2321 1063 2394 interpretem
1085 2333 1112 2374 et
1128 2323 1203 2394 quusi

138 2403 200 2454 uiuit
212 2401 332 2456 attribuit
346 2401 521 2468 Menedemo,
544 2417 570 2458 et
590 2417 649 2476 post
691 2404 888 2457 conciliatorem
900 2401 950 2456 sibi
961 2402 1077 2454 oblatum
1087 2399 1204 2454 animad-

138 2491 210 2554 otque
231 2479 332 2535 indicet
355 2483 528 2554 interruptam
550 2485 648 2537 oratio·
692 2495 814 2536 verteret.
835 2483 981 2535 'l'nmreno
993 2499 1086 2560 senex,¹
1102 2480 1147 2534 rix
1162 2499 1204 2533 ca-

138 2577 209 2614 nem.
224 2562 294 2615 Cun.
306 2563 375 2615 oulet
390 2561 596 2633 atque....llnrr.
610 2567 649 2616 ui—
692 2562 768 2633 piens
782 2560 872 2634 gaudii
886 2561 927 2634 sui
941 2557 1067 2627 modurn,
1087 2557 1204 2614 admira·

140 2635 271 2696 rtrtcnn.
280 2642 359 2712 Apud
369 2641 574 2707 ms,d0uu'.l1su
590 2644 649 2716 qni·
692 2655 747 2704 tur,
766 2640 889 2712 respicit,
910 2641 963 2694 lrui
979 2639 1054 2711 cupit
1070 2640 1122 2693 hoo
1140 2658 1205 2712 gen·

138 2717 200 2774 dem
214 2722 253 2774 lule
263 2722 331 2793 opud
343 2742 379 2775 me
391 2722 464 2775 domi.
484 2721 561 2775 Bent.
584 2723 653 2794 apud
692 2719 752 2775 dio:
767 2741 831 2773 meus
841 2727 948 2792 erratus!
961 2718 1076 2773 ueultr’C
1075 2719 1134 2771 linia
1142 2739 1206 2772 metu

139 2817 175 2852 rue
192 2801 230 2852 lle
246 2802 319 2855 domi.
340 2833 381 2846 -
405 2797 480 2855 Valet
492 2815 563 2876 atque
579 2805 649 2857 vivit.
692 2799 900 2866 oeru'ttetinde,
910 2798 1205 2864 commmittendum,

139 2877 274 2933 Admonet
293 2881 439 2953 Colphurn.
460 2881 649 2954 prothysteron
694 2881 797 2934 obsecro.
811 2880 890 2934 Bueol.

140 2975 195 3011 esse
207 2959 235 3010 in
251 2977 336 3013 sensu.
358 2961 385 3013 si
401 2962 472 3015 euim
485 2963 583 3029 ualeat,
602 2981 652 3016 ne·
735 2960 798 3025 431.
813 2959 855 3032 Sic
862 2971 906 3013 est.
919 2959 1009 3014 Guell.
1025 2977 1036 3013 ι
1053 2957 1094 3013 Sto
1110 2961 1145 3011 ito
1160 2971 1206 3012 est.

139 3037 584 3096 cessariour'rut.AtWeste1-ltovius
594 3043 651 3094 uni·
695 3039 785 3094 Guelf.
802 3059 819 3106 u
834 3039 873 3093 lta
885 3051 930 3092 est.
947 3069 987 3082 -
1002 3039 1093 3104 Vertit,
1108 3037 1207 3092 Rediit.

139 3114 282 3172 madvertit
301 3118 430 3172 Martialis
449 3119 517 3173 illud
539 3121 652 3192 exprimi
734 3119 799 3184 433.
813 3120 1122 3174 Nonoulttercr'rsers'um.
1138 3118 1208 3172 Vult

139 3193 268 3250 dioentis:
285 3223 296 3245 ·
305 3197 366 3252 Non
380 3209 418 3251 est
428 3202 516 3266 uisere,
531 3200 576 3253 sed
585 3199 653 3253 vale·
694 3211 721 3254 te
734 3198 857 3253 nondum
870 3199 945 3254 scire.

140 3297 181 3342 re,
200 3277 263 3332 vitu.
275 3301 288 3326 ι
319 3279 438 3332 Adnotut
459 3279 503 3333 hie
524 3279 654 3351 interpres
737 3279 802 3343 434.
820 3277 976 3350 Conspectum
984 3277 1100 3348 sugunt,-
1110 3288 1210 3346 propter

140 3357 258 3412 Gallicus
270 3359 426 3411 Lemonum
442 3359 481 3412 .ss
493 3379 511 3430 y
524 3377 539 3411 n
554 3357 653 3429 grande
693 3371 817 3430 peccatum
830 3358 874 3410 lroc
887 3361 961 3411 tr'met.
980 3355 1035 3409 Alii
1046 3352 1212 3426 distinguunt

140 3455 289 3510 apperence
301 3438 482 3510 que‘l'erenoe
496 3457 513 3492 u
527 3438 576 3490 mis
588 3437 654 3491 dnus
697 3457 777 3509 consp.
793 3438 905 3506 sugitur,
928 3455 1000 3508 prop.
1018 3447 1152 3506 peecatum.
1170 3467 1211 3478 --

140 3530 258 3572 cesmots
271 3520 339 3571 uolet
351 3530 422 3591 utque
429 3520 493 3570 vivit
500 3535 553 3570 une
561 3517 655 3571 {inesse
697 3517 754 3570 Hoc
769 3521 851 3582 timet,
866 3518 955 3589 plures
967 3512 1070 3568 addunt
1086 3527 1133 3567 tuns
1150 3528 1211 3568 unte

141 3597 188 3668 qui
202 3615 217 3651 s
230 3598 348 3670 &chuppe
360 3617 410 3651 oux
423 3609 655 3651 commentuteurs.
698 3597 771 3661 heo,
788 3593 863 3670 quod
884 3592 1031 3648 omittimus
1050 3607 1110 3666 post
1129 3595 1212 3648 Zenu.

141 3677 292 3733 Puer-etro
314 3678 441 3734 curemur
461 3677 533 3731 alluit
552 3679 656 3749 ajouter
699 3673 1121 3747 Perl.-Propterpeecotumlroc,
1137 3671 1212 3746 quod

141 3760 260 3824 suaviter,
277 3758 298 3810 r'l
309 3763 349 3811 uit
355 3761 534 3828 joyeusomerrt,
548 3775 584 3809 ou
602 3776 655 3809 curn
700 3775 825 3820 uxorem,
834 3767 860 3808 te
871 3753 972 3816 inrito,
985 3753 1082 3807 ducere
1092 3752 1215 3806 voluerit.

143 3836 278 3902 Baccttde,
295 3856 331 3890 ou
352 3838 413 3890 telle
428 3851 502 3892 outre
514 3837 657 3891 semblable
743 3836 809 3902 435.
833 3833 942 3908 Antiqua
953 3833 1006 3910 illo.
1027 3833 1082 3886 Atii
1094 3833 1139 3886 itta
1151 3836 1214 3886 auti·

143 3916 656 3988 expression3moislddnedlrnel'inter-
702 3935 757 3989 qun.
778 3945 817 3957 -
835 3915 900 3980 tta,
921 3933 1000 3986 quam
1024 3925 1151 3986 expertus
1175 3903 1215 3968 est¹

141 4007 246 4068 ompt.·
263 4027 301 4044 -ι
313 3997 508 4070 Exspectatur
523 3997 583 4052 lucit
598 4015 656 4051 reru
703 3997 767 4050 olim
784 4009 828 4051 tun
842 3993 947 4050 duritie.

984 4089 1053 4190 24⁴
