3000 4866
322 393 388 462 DE
403 390 661 460 tuscanum
678 391 736 460 ET
753 391 1001 462 GOMOEDIA.
1115 417 1198 465 xnrx

145 536 209 584 esse
223 510 342 600 voluit,
356 537 399 584 ne
416 513 547 608 agnitus
560 513 789 607 cogereturin
804 509 889 584 bella
904 513 1058 607 prodire;
1076 539 1136 586 seu
1153 515 1197 586 ob

144 617 330 714 singularem
347 619 562 715 sapientiam,
580 644 646 714 qua
666 632 773 689 tectus
790 618 1002 714 munitusque
1018 617 1199 716 plurimum

145 727 231 796 sociis
258 725 393 820 profuit.
421 725 529 818 Hujus
553 726 642 796 enim
668 726 802 796 virtutis
830 739 919 810 erat,
940 727 1042 796 animi
1068 753 1200 823 semper

145 832 323 927 decipientis
343 834 523 928 ingenium.
548 830 709 903 Nonnulli
730 831 853 902 Ithacae
873 830 1015 920 incolas,
1035 835 1121 905 sicut
1138 837 1201 906 Lo

146 963 231 1024 cros,
247 937 399 1033 palliatos
424 937 524 1008 fnisse
543 952 815 1008 commemorant.
840 936 977 1008 Achillis
997 953 1031 1008 et
1058 939 1204 1036 Neopto·

146 1043 214 1114 lemi
233 1071 382 1140 persona
396 1044 584 1115 diademata
606 1045 747 1130 habent,
763 1044 914 1139 quamvis
932 1043 1054 1140 regalia
1071 1062 1202 1142 sceptra

147 1175 303 1246 nunquam
323 1153 510 1222 tenuerint:
528 1152 623 1245 cujus
638 1152 826 1246 argumenti
846 1150 1000 1246 probatio
1016 1149 1091 1222 talis
1108 1152 1204 1224 indu·

147 1259 231 1342 citur,
248 1258 338 1353 quod
356 1281 529 1352 nunquam
548 1281 626 1327 cum
645 1255 773 1353 reliqua
795 1259 932 1328 Graeciae
947 1259 1143 1354 juventute,
1162 1260 1206 1332 ad

146 1364 276 1458 gerenda
309 1389 389 1435 cum
415 1364 566 1458 Trojanis
599 1362 706 1452 bella,
729 1377 936 1434 sacramenta
965 1365 1205 1460 conjurationis

146 1471 367 1559 inierunt‚nec
384 1493 531 1565 unquam
550 1470 612 1540 sub
628 1471 887 1566 Agamemnonis
900 1471 1040 1566 imperio
1058 1473 1204 1545 fuerunt.

191 1580 334 1648 Comicis
351 1577 487 1648 senibus
504 1576 663 1647 candidus
678 1577 817 1648 vestitus
827 1561 851 1601 ¹⁸
868 1575 1046 1666 inducitur,
1067 1579 1158 1674 quod
1178 1583 1206 1652 is

146 1685 383 1780 antiquissimus
409 1683 507 1753 fuisse
532 1697 746 1754 memoratur.
770 1682 1044 1756 Adolescentibus
1064 1685 1209 1758 discolor

147 1792 343 1860 attribuitur.
359 1792 455 1860 Servi
469 1791 586 1860 comici
600 1792 725 1860 amictu
737 1791 857 1884 exiguo
876 1805 1112 1886 conteguntur,
1132 1817 1209 1888 pau·

146 1899 271 1991 per-tatis
287 1899 433 1991 antiqua
454 1897 577 1992 gratia,
599 1896 653 1966 vel
680 1921 747 1992 quo
764 1895 984 1992 expeditiores
1008 1913 1120 1994 agant.
1143 1902 1209 1970 Pa-

147 2005 226 2072 rasiti
241 2029 322 2074 cum
336 2005 467 2072 intortis
487 2002 591 2098 palliis
604 2004 754 2073 veniunt.
767 2005 860 2073 Laeto
875 2006 1012 2091 vestitus
1028 2005 1209 2077 candidus:

145 2131 327 2180 aerumnoso
345 2106 533 2198 obsoletus;
549 2133 737 2204 purpureus
747 2107 857 2179 diviti:
871 2112 1009 2204 pauperi
1018 2111 1211 2204 phoeniceus

146 2213 250 2306 datur3
260 2214 360 2285 militi
374 2213 526 2309 chlamys
537 2239 721 2310 purpurea3
736 2213 854 2310 puellae
870 2214 1003 2286 habitus
1016 2217 1211 2312 peregrinus

147 2320 318 2392 inducitur.
341 2325 435 2391 Iano
463 2319 563 2416 pallio
588 2324 672 2391 varii
694 2320 815 2391 coloris
834 2320 950 2392 utitur.
975 2323 1145 2394 Meretrici
1167 2325 1212 2394 ob

147 2430 314 2498 avaritiam
336 2425 461 2496 luteum
480 2426 587 2498 datur.
609 2417 762 2522 syrmata
779 2426 868 2497 dicta
886 2442 965 2497 sunt
981 2429 1024 2498 ab
1040 2453 1101 2517 eo,
1120 2431 1211 2524 quod

147 2534 336 2605 ualiuntur:
346 2557 421 2628 quae
434 2556 486 2602 res
501 2532 543 2601 ab
561 2535 690 2604 scenica
704 2533 834 2604 luxuria
847 2535 996 2603 instituta
1014 2550 1075 2605 est.
1084 2535 1211 2608 Eadem

149 2639 351 2712 inluctuosis
369 2640 519 2734 personis
535 2641 697 2710 incuriam
717 2641 767 2710 sui
785 2663 846 2734 per
859 2639 1094 2735 negligentiam
1109 2643 1210 2738 signi·

148 2744 250 2818 licant.
272 2744 387 2816 aulaea
405 2769 538 2841 quoquc
560 2746 595 2815 in
618 2767 717 2816 scena
736 2746 863 2816 intexta
885 2759 1098 2834 sternuntur;
1120 2750 1211 2843 quod

149 2854 249 2946 pictus
277 2843 417 2924 ornatus
443 2866 531 2938 erat,
553 2876 595 2922 er
617 2849 760 2924 Attalica
775 2847 802 2889 ⁸⁹
819 2853 910 2947 regia
935 2853 1079 2923 Romam
1107 2879 1211 2949 usque

149 2958 289 3052 perlatus
311 2987 319 3029 :
338 2984 400 3053 pro
422 2957 542 3054 quibus
564 2959 684 3053 siparia
704 2961 783 3028 aews
806 2959 971 3054 posterior
991 2960 1128 3055 accepit.
1150 2963 1211 3032 Est

147 3079 255 3134 autem
269 3065 441 3136 mimicum
458 3061 570 3134 telum
578 3061 616 3154 ²⁰,
635 3063 726 3160 quod
744 3062 869 3160 populo
883 3065 1028 3154 obsistit,
1046 3063 1127 3137 dum
1144 3070 1210 3137 Fa-

148 3168 300 3240 bulnrum
316 3185 410 3241 actus
432 3185 689 3242 commutantur.
705 3171 867 3241 Diverbia
879 3169 1055 3242 histriones
1068 3197 1212 3268 pronun·

149 3277 281 3347 tiabant.
297 3279 436 3346 Cantica
456 3301 537 3348 vero
560 3277 831 3372 temperabantur
848 3277 955 3348 modis
970 3303 1038 3348 non
1059 3302 1079 3347 a
1097 3291 1211 3372 poeto,

190 3497 237 3550 18.
252 3481 378 3550 Candidum
386 3498 497 3548 cettan.
510 3497 550 3549 De
564 3495 659 3550 vestitu
701 3492 845 3550 dimoveto.
857 3519 869 3544 ι
882 3493 1042 3562 Quintilian.
1054 3494 1073 3548 l.
1086 3494 1141 3563 VI,
1152 3516 1175 3552 c.
1185 3503 1213 3562 4.

149 3577 252 3628 comico
262 3578 314 3629 vid.
324 3576 471 3630 Pollucem.
482 3575 521 3627 ld.
705 3601 717 3622 ι
728 3575 820 3640 Quum
840 3576 896 3646 ejus
915 3585 1052 3628 accusator
1067 3574 1095 3628 in
1111 3575 1209 3648 sipario

192 3669 236 3724 ¹9·
247 3655 291 3708 Er
302 3656 415 3710 Attalica
426 3657 501 3724 regia.
524 3653 571 3706 Sil.
586 3653 660 3706 Itali·
703 3653 826 3706 omnibna
841 3653 919 3717 locis,
934 3665 981 3706 ant
991 3651 1094 3707 nudum
1108 3674 1168 3710 eum
1183 3659 1211 3712 in

150 3749 195 3785 ons
203 3735 249 3788 lib.
261 3737 338 3802 xtv,
346 3737 383 3790 65
387 3751 421 3804 9:
438 3759 450 3783 ι
458 3734 576 3805 Quoque
589 3735 660 3788 arn·
702 3751 800 3800 uerno,
812 3746 857 3786 rut
865 3733 898 3784 ab
907 3732 1169 3808 amicisredemptum
1181 3755 1212 3790 er

151 3811 208 3866 licis
220 3817 315 3870 variata
327 3833 378 3888 per
389 3825 476 3868 artem
489 3814 585 3868 Aulula
599 3813 661 3868 seri»
703 3813 917 3884 aleapinxisaet.»
928 3812 992 3867 Hanc
1001 3812 1213 3870 eadcmroxrea·

151 3891 247 3948 bimtnr
255 3915 311 3950 acu.
324 3923 335 3943 .
353 3895 394 3948 Id.
704 3889 824 3951 tituenda
836 3906 875 3945 est
889 3891 982 3946 Servio
995 3893 1024 3947 in
1037 3895 1213 3967 GeorgNirg.

196 3992 236 4029 ao.
246 3975 370 4029 Mimtcum
376 3975 468 4028 velum.
479 3973 542 4028 Haec
552 3989 614 4026 vera
622 3985 661 4028 est
704 3970 771 4026 vid.
782 3971 804 4025 F
804 3983 850 4026 est.
862 3984 888 4024 et
898 3973 915 4025 J
917 3973 1168 4041 uvenal.Scboliast.
1179 3972 1214 4030 ad

152 4049 235 4108 tenu.
247 4057 329 4130 Apul.
346 4083 358 4106 ι
370 4053 510 4128 siparium
523 4052 660 4108 mimicum
702 4051 793 4126 Satyr-
803 4051 885 4119 VIII,
898 4065 925 4108 et
938 4053 993 4109 alii.
1004 4054 1044 4108 Id.

207 4165 233 4234 1.
1039 4159 1065 4234 d
