2996 4852
319 357 394 437 320
556 365 738 432 PUBLIl
766 365 1025 436 TERENTII
1054 369 1170 436 AFRI

259 487 264 498 ⁵
293 483 298 490 i
318 499 433 569 Aliena
455 513 493 568 ut
512 521 626 582 cures,
643 519 682 564 eo
697 521 770 590 quas
789 496 871 566 nihil
890 497 933 568 od
951 512 984 567 te
1003 498 1171 568 adtinent?

317 609 407 676 Cnn.
427 609 538 674 Homo
558 629 631 674 sum
648 629 655 670 ε
672 603 809 672 humani
831 603 912 672 nihil
931 630 950 674 a
971 630 1025 674 nte
1044 605 1188 676 alienum
1210 623 1307 701 puto.

320 712 383 781 Vel
403 737 456 781 ine
478 734 614 781 monere
636 709 717 794 hoc,
733 708 784 778 vel
803 713 991 804 percontari
1009 726 1103 805 puta.

318 821 461 888 Rectum
477 818 534 902 ’st‚
554 842 618 911 ego
635 831 673 884 ut
691 815 827 901 faciam
844 842 913 887 non
930 833 999 905 est,
1014 833 1046 888 te
1061 834 1101 888 ut
1115 819 1318 890 deterream.

318 927 414 996 Mun.
431 926 516 994 Mihi
532 925 578 994 sic
600 938 650 992 est
668 947 765 1011 usus;
781 924 842 992 tibi
860 938 898 992 ut
914 949 998 1019 opus
1018 924 1107 997 facto
1123 923 1180 1014 ἐι,
1197 927 1284 996 faoe.
1364 961 1384 998 ι.

324 1154 457 1204 Tantumne
481 1152 511 1202 ob
535 1171 560 1202 ra
585 1161 627 1204 tua
650 1148 695 1200 tili
719 1161 755 1200 est
778 1153 829 1211 oti,
875 1151 927 1202 sius
947 1149 982 1202 de
1000 1150 1121 1216 Officiis,
1138 1153 1184 1206 lib.
1198 1155 1262 1220 111,
1281 1171 1336 1227 cap.
1356 1176 1383 1226 73

324 1233 430 1286 Chreme.
446 1231 540 1284 Cicero
552 1230 615 1283 citat
625 1227 658 1280 sd
668 1229 747 1282 Attio.
761 1229 829 1292 llll,
876 1222 1079 1284 PontsPaulin.
1104 1233 1188 1304 Epist.
1216 1235 1274 1296 31,
1295 1237 1384 1288 Iollan¹

321 1331 350 1365 vr
368 1333 374 1364 z
392 1313 461 1365 Cun.
476 1312 628 1364 Tantumne
641 1309 675 1360 ab
693 1325 721 1360 re
738 1321 782 1362 tua
798 1320 833 1359 est
875 1308 974 1363 sarisb,
985 1309 1070 1382 Epist.
1087 1330 1161 1382 197,
1174 1326 1201 1365 et
1215 1318 1383 1382 asp-Cal.

321 1399 366 1446 otii
385 1396 426 1444 tui.
448 1421 485 1432 -
504 1391 637 1441 Tantumne
656 1387 687 1439 ab
704 1409 729 1440 re
746 1401 787 1440 tua
804 1389 833 1438 'st
876 1389 1007 1460 pburnius
1018 1397 1383 1462 putateameaeesententlnm

323 1472 363 1524 ou*
372 1473 424 1524 tibi.
439 1471 589 1523 Tantumne
605 1467 653 1522 tibi
665 1481 766 1522 vocata
781 1470 834 1521 tuis
876 1469 992 1522 Platonis
1010 1471 1114 1524 -Ortus
1126 1473 1211 1525 nostri
1226 1485 1329 1544 partem
1340 1494 1380 1546 pa·

324 1552 453 1622 negotiis,
467 1562 528 1619 post
541 1563 586 1602 tus
601 1548 705 1618 negotia
720 1549 771 1601 rite
784 1567 832 1602 cu·
876 1548 954 1602 triam
973 1549 1126 1616 vindicare,
1137 1564 1242 1623 partem
1256 1555 1358 1606 amicos
1370 1581 1380 1600 ι

323 1645 386 1686 rata.
406 1629 516 1694 Cicero,
530 1629 613 1700 Epist.
631 1629 687 1682 Ao.
707 1629 777 1692 XII,
797 1631 834 1692 6,
918 1632 964 1699 78.
977 1623 1026 1682 Vel
1030 1651 1076 1693 nte,
1088 1644 1140 1686 eto.
1149 1633 1233 1684 Abest
1242 1633 1291 1698 tel,
1302 1634 1382 1686 Guell.

323 1709 484 1783 proverbiali
504 1710 636 1762 schemate
658 1705 746 1760 induit
765 1708 835 1762 hane
879 1710 1382 1784 a.-Monere.1nquibusdamlllssm·

324 1790 480 1846 sententiam
496 1808 503 1840 ι
518 1809 550 1842 ex
573 1788 696 1840 familiari
716 1806 766 1840 usu
781 1789 834 1840 Te·
880 1809 939 1842 vere.
956 1790 999 1844 Sic
1016 1790 1121 1844 Andr.
1136 1812 1202 1862 9²²·
1222 1794 1331 1848 Praestat
1342 1812 1381 1846 au·

325 1872 450 1924 rentianre
473 1869 602 1922 lectionis.
619 1865 684 1920 vid.
709 1882 835 1938 praterea
878 1882 932 1922 tem
940 1873 1181 1926 monunwest...
1193 1867 1381 1924 ἥψω

326 1953 418 2022 Horat.
433 1949 487 2004 Sat.
503 1951 546 2013 11,
561 1966 614 2012 ιιι,
633 1966 676 2015 ι9.
880 1951 939 2012 loc,
949 1952 1308 2024 stallosversusiutellige:
1322 1955 1380 2004 -Vel
1461 1949 1462 1994 l

366 2035 413 2101 76.
427 2032 483 2094 Ea,
500 2048 554 2100 quoe
566 2027 629 2080 niti!
637 2027 672 2078 ad
684 2039 714 2079 te.
724 2026 767 2080 Sic
777 2045 835 2078 om·
878 2028 1006 2082 monendi
1015 2049 1108 2089 causa,
1121 2032 1161 2082 rel
1172 2031 1335 2102 inquirendi,
1344 2051 1381 2084 me

325 2130 371 2166 nes
380 2109 458 2164 codd.
467 2111 542 2162 Bent.
551 2109 595 2160 Rr.
604 2105 695 2160 Baend.
705 2104 835 2159 cumedd.
878 2108 935 2161 bec
956 2109 1004 2162 tibi
1020 2109 1109 2164 dicere
1126 2123 1191 2181 puta
1207 2129 1215 2164 :
1234 2111 1378 2183 inquirendi

326 2204 389 2245 vett.
405 2204 432 2244 et
445 2189 514 2242 Perl.
525 2187 604 2240 Both.
619 2186 671 2239 Alii
682 2206 764 2258 eaque,
776 2186 838 2236 niln'l
879 2205 969 2251 causa,
982 2202 1028 2253 ut,
1040 2190 1063 2243 si
1076 2190 1127 2244 hoc
1136 2189 1208 2264 quod
1216 2191 1282 2245 sacis
1290 2205 1380 2244 reatuin

325 2292 380 2344 quoe
395 2271 461 2322 acite
471 2281 516 2320 att.
527 2268 607 2320 Abest
619 2287 648 2318 eo
658 2266 748 2320 Guell.
761 2285 835 2318 1.-
878 2280 933 2334 est,
953 2287 1001 2340 ego
1022 2287 1130 2343 quoque
1151 2271 1188 2322 sic
1203 2272 1315 2338 faciam
1330 2291 1377 2324 rno-

327 2353 419 2403 Alieno
438 2361 466 2402 vt
480 2367 554 2402 cures.
572 2345 609 2400 Ut
624 2345 658 2399 de
676 2345 769 2398 alienis
787 2363 835 2397 ne·
877 2347 1070 2408 nondictum,
1096 2363 1141 2414 ut,
1160 2350 1183 2402 si
1204 2365 1309 2404 rectum
1332 2371 1376 2404 non

325 2432 402 2502 gotiis
414 2429 541 2482 sollicitus
556 2427 683 2480 sis—Ea
694 2445 747 2498 quoe
758 2426 834 2490 nileil,
877 2440 932 2494 est,
955 2427 983 2482 id
1006 2428 1092 2482 lacere
1114 2429 1165 2482 tibi
1186 2429 1375 2485 dissuadeant.»

327 2525 377 2564 etc.
394 2508 537 2579 Explicant
560 2507 617 2560 bae
641 2507 723 2560 lunius
742 2523 835 2559 rocem
877 2505 998 2580 Sic‚ego
1011 2521 1039 2560 ut
1045 2511 1143 2576 fiabra
1156 2511 1229 2563 refer
1241 2510 1277 2565 ad
1288 2531 1376 2581 percor-

326 2591 432 2646 unicam
445 2589 533 2642 «uma.
545 2619 585 2630 -·
598 2587 679 2648 Hae,
692 2587 760 2640 inter
771 2585 835 2652 alia,
877 2592 985 2650 concam
998 2602 1039 2652 et,
1053 2601 1074 2640 te
1088 2603 1115 2642 ut
1126 2590 1275 2656 deterream,
1292 2590 1323 2644 sd
1335 2610 1376 2640 m·

327 2671 514 2742 exprimuntur
532 2687 548 2720 e
565 2666 738 2722 Menandro:
759 2668 776 2718 d
799 2666 833 2735 μὴ
877 2669 1376 2742 neis.-Estautempercontm·i‚diligerr

327 2751 458 2823 προσήκει,
473 2748 545 2820 μήνι’
560 2747 650 2810 danus,
663 2741 720 2817 μήτ’
733 2749 785 2817 ὅρα.
877 2761 918 2800 ter
931 2749 1320 2820 inquire1e.Dicitur‚auctore
1332 2752 1376 2801 llo

369 2831 540 2901 77,Humoni.
562 2823 612 2881 Ms'.
634 2827 721 2881 Graev.
739 2828 834 2878 Huma·
877 2840 984 2893 neto‚a
1002 2841 1088 2894 canto,
1101 2849 1155 2902 quo
1173 2843 1263 2884 nauto
1279 2825 1375 2884 utuntur

329 2907 648 2964 num.-Nilrilame.Br.
662 2907 833 2961 Granssotb.
878 2905 911 2960 ad
934 2908 993 2962 loca
1012 2909 1183 2982 inquirenda,
1204 2911 1317 2966 mribus
1334 2927 1374 2978 op·

329 3013 345 3044 a
365 3012 401 3044 me
419 2991 488 3042 nillil.
507 3019 547 3032 —-
566 2989 675 3040 Humani
693 2988 755 3038 niltil
767 3007 783 3036 a
800 3007 836 3038 me
877 3000 1000 3056 portuna.

327 3074 429 3124 alienum
438 3081 507 3140 poto.
521 3069 636 3122 Nibilex
645 3067 836 3122 calamitatibus
920 3087 966 3140 79.
985 3069 1085 3120 Rectum
1105 3071 1149 3134 bt,
1171 3089 1216 3142 epa
1233 3085 1264 3123 ut
1275 3073 1374 3138 facim

328 3171 386 3223 quse
395 3145 836 3221 unicuiquelioniiniacoiderepos-
879 3160 983 3213 nonest,
997 3160 1053 3200 tout
1067 3149 1140 3201 dcter.
1153 3151 1257 3222 Legum
1264 3147 1374 3222 plurimi,

328 3247 404 3296 sunt,
418 3229 451 3284 ad
467 3249 509 3282 rne
527 3229 617 3298 ipsum
633 3247 688 3282 non
703 3229 835 3299 pertinere
879 3227 956 3280 Both.
971 3227 1030 3302 Bip.
1041 3227 1121 3300 Valp.
1137 3249 1185 3301 per
1200 3228 1373 3300 interrogatio

326 3314 451 3368 arbitror.
470 3341 509 3354 -
529 3309 622 3361 Cicero
641 3308 709 3362 bane
730 3327 835 3379 quoque
879 3326 958 3371 nem,
971 3309 1038 3360 lieet.
1051 3303 1110 3362 est?
1122 3329 1167 3380 ego
1179 3322 1204 3362 ut
1211 3313 1373 3377 sachunu

328 3392 484 3446 sententiam
494 3429 502 3456 ,
518 3402 549 3441 ut
567 3389 688 3458 apprime
708 3389 835 3460 probam,
879 3396 935 3440 est?
945 3401 967 3442 te
976 3401 1005 3440 ut
1013 3389 1063 3443 det.
1073 3423 1114 3432 —-
1124 3391 1181 3460 Ego
1190 3392 1247 3454 uss.
1257 3391 1290 3442 In
1297 3385 1373 3442 Goell.

327 3486 354 3528 et
369 3469 512 3545 quamdam
525 3467 599 3538 quasi
611 3479 711 3520 nature
727 3487 835 3534 vocem,
881 3486 912 3533 a,
926 3466 1001 3522 deest
1012 3489 1065 3539 ego.

327 3552 361 3608 ad
388 3551 537 3604 societatem
565 3547 670 3600 civilem
696 3547 834 3601 colendam
919 3551 966 3602 80.
981 3550 1025 3602 Br.
1042 3550 1104 3620 legit
1119 3563 1146 3602 et
1159 3545 1373 3621 disponit,tib'ut

327 3629 523 3690 accommodat.
540 3629 580 3680 De
595 3627 688 3698 Legit.
705 3629 733 3692 Ι,
753 3641 780 3682 et
794 3629 834 3680 De
878 3640 914 3680 est
925 3649 983 3700 opus
991 3631 1072 3698 sacto.
1088 3663 1127 3672 —
1142 3629 1209 3689 Milo*
1220 3633 1254 3680 sic
1269 3641 1303 3682 est
1316 3644 1370 3678 usas.

329 3713 448 3776 Officiis,
464 3712 491 3776 1,
510 3729 553 3778 ¹9·
568 3705 619 3760 Cui
638 3707 726 3760 versui
746 3723 835 3761 narrat
878 3709 929 3760 llic
942 3707 1041 3764 indicat
1051 3694 1224 3763 Meneddrnus
1236 3728 1263 3762 se
1274 3727 1301 3762 ea
1312 3703 1371 3760 nolle

328 3795 388 3848 Dir.
405 3789 582 3862 Augustinus,
598 3789 648 3858 Ep.
665 3789 717 3853 51,
733 3787 832 3842 theatra
877 3787 999 3860 detegere
1010 3809 1069 3862 qua
1079 3789 1196 3864 postulat
1207 3789 1337 3842 Chremes
1344 3785 1371 3834 lit

328 3889 397 3939 tota,
414 3874 488 3943 plene
507 3871 586 3922 stultis
605 3867 765 3940 indoctisque,
785 3865 833 3940 ap·
878 3870 994 3922 breviter
1005 3865 1368 3942 respondensibisiceapedire,
1459 3929 1460 3932 Ἴ

326 3955 458 4026 plausisse.
474 3951 522 4004 llis
540 3949 618 4002 etiam
634 3946 760 4002 laudibus
776 3967 833 4000 suc·
879 3947 913 4002 ita
933 3949 1153 4006 consuetudinem
1173 3967 1227 4002 non
1246 3941 1372 4002 tibenin
1459 3963 1460 3968 ¹

325 4031 552 4094 ιειικιιιὸειιεοι,
567 4029 649 4100 Epist.
660 4029 695 4097 95
706 4048 713 4095 ;
724 4029 835 4082 Ambro-
880 4029 968 4084 animo
986 4043 1106 4096 mutare3
1120 4049 1168 4084 nse
1185 4043 1307 4100 preterea
1324 4021 1370 4080 tult
