2996 4852
353 379 427 464 314
589 382 763 450 PUBLII
790 383 1034 452 TERENTII
1062 383 1179 450 AFRI

349 518 479 582 Avarus
498 512 573 581 leno
590 514 719 582 assidue
736 513 854 608 agendi
875 518 941 586 sint
959 515 1040 584 mihi

351 620 507 689 Clamore
527 645 677 706 summe,
692 646 769 690 eum
792 620 904 690 labore.
926 647 1091 691 maxumo.

349 728 428 794 Mea
445 749 544 796 causa
559 751 690 796 causum
707 728 794 796 hanc
809 729 931 822 justam
947 754 1017 798 esse
1032 731 1180 797 animum
1198 726 1348 806 inducite,

350 835 399 903 Ut
416 832 523 927 aliqua
545 858 622 927 pars
645 833 767 903 laboris
783 837 952 904 minuatur
966 837 1056 904 mihi.

350 940 438 1009 Nam
453 964 542 1008 nunc
559 963 663 1010 novus
678 943 735 1034 qui
749 941 913 1028 scribunt,
928 941 974 1012 nil
989 957 1131 1036 parcunt
1148 942 1230 1012 seni.

348 1049 382 1116 si
403 1071 469 1140 qua
487 1044 650 1116 laboriosa
668 1061 733 1134 est,
744 1047 787 1116 ad
804 1073 857 1116 me
874 1050 1038 1136 curritur3

349 1155 384 1222 Si
402 1152 483 1222 lenis
498 1168 563 1240 est‚·
580 1153 623 1222 ud
641 1151 742 1222 alium
759 1153 907 1222 defertur
924 1181 1068 1250 gregem.

348 1262 390 1328 In
411 1260 475 1328 hac
492 1274 542 1328 est
561 1284 644 1354 pura
664 1262 781 1329 oru'tio.
798 1261 1020 1355 Experimini,

346 1367 388 1434 ln
405 1381 581 1461 utrumque
601 1381 730 1461 partem
752 1367 920 1461 ingenium
939 1367 1017 1463 quid
1032 1369 1136 1463 possit
1151 1392 1274 1436 meum.

393 1579 439 1648 39.
454 1581 507 1648 Ag.
522 1584 572 1630 siut
582 1580 648 1632 milri.
662 1579 691 1632 C.
703 1581 738 1634 G.
753 1583 860 1634 mimi.
904 1582 1104 1652 argumenti‚ut
1115 1599 1176 1653 qua
1190 1579 1304 1633 muitum
1315 1575 1392 1628 littoris

352 1658 414 1712 ltid.
432 1659 463 1712 C.
481 1659 542 1712 Hal.
555 1659 652 1712 omisso
666 1661 731 1712 milri.
748 1658 801 1712 Sed
817 1660 862 1712 illa
905 1659 1047 1714 desideret.
1058 1661 1170 1716 Fumat.

352 1757 404 1792 vox
414 1743 465 1790 serti
473 1753 518 1791 aut
529 1741 667 1810 proglossu
678 1740 765 1810 primo
774 1741 862 1803 tuisse,
946 1741 992 1806 45.
1013 1739 1042 1794 Si
1055 1742 1115 1792 lenis
1128 1754 1172 1794 est.
1188 1742 1222 1793 tu
1235 1735 1311 1791 codd.
1323 1735 1360 1787 ue.
1371 1744 1391 1782 et

352 1832 398 1872 eut
421 1817 518 1873 deinde
536 1820 565 1870 in
590 1831 691 1872 textum
715 1820 862 1890 irrepsisse,
904 1821 933 1873 in
945 1822 1018 1882 eliis,
1028 1824 1065 1872 rin
1075 1823 1121 1872 len.
1132 1843 1154 1874 e.
1162 1823 1226 1874 Into
1236 1830 1263 1870 et
1272 1818 1298 1870 in
1307 1815 1392 1886 quibus

354 1911 400 1952 sut
415 1898 534 1970 denique
549 1917 597 1969 per
611 1899 741 1952 incuriam
757 1899 860 1952 librarii
903 1899 965 1954 dam
983 1900 1029 1953 Sin
1043 1902 1100 1952 ieris
1114 1915 1157 1954 est.
1168 1897 1251 1950 —Si
1261 1898 1358 1948 lauet.
1369 1891 1388 1942 Si

353 1999 369 2032 e
386 1999 464 2034 versu
487 1978 522 2042 43
550 1979 604 2031 huc
623 1975 732 2032 reducta
747 1978 862 2032 videtur.
904 1981 988 2034 facilis
999 1993 1039 2033 est
1049 1981 1225 2046 setu‚sinon
1240 1975 1390 2029 motorisest.

355 2060 512 2113 Peri—Me
529 2059 601 2129 Lips.
620 2057 652 2110 E.
667 2057 696 2110 P.
707 2059 738 2110 E.
747 2060 779 2110 T.
789 2073 815 2112 et
828 2059 861 2110 E.
904 2058 950 2114 sed
970 2062 1085 2114 steteris.
1101 2093 1136 2103 -
1154 2059 1270 2128 Gngen.
1283 2056 1339 2108 Huc
1350 2069 1387 2102 ὀἱ

354 2141 391 2193 V.
404 2143 436 2206 Ι,
455 2157 516 2192 eum
539 2136 699 2210 quibusdem
719 2137 776 2191 sliis
788 2139 863 2192 exhi·
903 2138 1072 2212 intelligendu
1082 2137 1117 2192 de
1126 2152 1183 2194 tote
1193 2151 1309 2190 actorum
1317 2133 1389 2186 turbs.

354 2221 419 2272 luent
430 2221 509 2273 etism
520 2218 725 2288 seni-Agendi
736 2221 785 2270 siut
795 2221 861 2274 nitu.
904 2223 979 2290 cujus
987 2234 1042 2273 erat
1051 2219 1176 2272 dominus
1185 2230 1261 2270 ector
1270 2215 1312 2285 qui
1322 2211 1388 2280 loqui·

354 2299 415 2353 Sint
425 2320 439 2354 s
450 2318 493 2352 me
504 2299 532 2351 iu
541 2315 618 2350 scena
629 2297 842 2369 representsndi.
905 2312 964 2364 tur;
977 2319 1032 2354 nou
1043 2319 1106 2352 vero
1117 2298 1151 2354 de
1163 2293 1317 2369 quibusdem
1326 2291 1386 2362 ipsius

395 2387 442 2444 41.
452 2379 510 2430 Mea
520 2397 592 2428 curua
601 2397 697 2430 causum
705 2379 861 2448 hancjustam
904 2379 984 2450 hujus
996 2380 1081 2450 gregis
1093 2378 1239 2432 actoribus.

355 2481 417 2524 esse,
433 2472 481 2512 ete
496 2455 572 2510 Ordo
587 2470 651 2510 est:
673 2456 790 2511 inducite
806 2461 862 2513 eni·
946 2463 992 2522 46.
1008 2460 1039 2511 Iu
1055 2461 1109 2512 ltus.
1126 2461 1159 2512 Iu
1178 2457 1233 2510 hee
1246 2452 1340 2508 steteris
1354 2467 1386 2500 ω·

353 2559 446 2605 mum,
471 2555 623 2609 persuasum
648 2537 788 2602 habetote,
804 2557 862 2594 mea
905 2537 1155 2610 moedinqusevero
1163 2551 1206 2591 est
1214 2531 1386 2589 Heautontimo-

354 2639 444 2685 causa,
453 2619 482 2671 in
492 2635 577 2673 meatu
589 2617 715 2687 gretiam,
725 2617 772 2688 qui
783 2637 861 2672 senex
904 2637 1039 2672 rumenos.
1052 2651 1092 2662 -
1102 2619 1171 2670 Pura
1189 2628 1227 2672 est
1240 2617 1320 2668 oresio.
1329 2611 1388 2673 Quo·

354 2719 433 2766 sum3
456 2717 515 2752 earu
535 2715 640 2750 eausam
660 2717 706 2750 seu
731 2697 860 2752 rationem
903 2699 976 2752 niam
992 2717 1072 2770 supra
1091 2697 1195 2752 dixerat
1209 2694 1385 2760 laboriosupo·

354 2779 577 2852 petendnvestrss
586 2777 737 2832 attentionis
750 2790 777 2830 et
785 2779 862 2831 silen-
903 2779 956 2830 tius
970 2777 1112 2832 eomoediss
1126 2777 1161 2831 sd
1175 2796 1206 2830 se
1219 2771 1324 2835 deferri,
1334 2770 1386 2821 lttt⁸

354 2861 397 2927 tii,
412 2879 467 2914 esse
476 2862 584 2930 jusum.
902 2856 937 2912 ud
957 2857 1040 2912 elium
1060 2877 1067 2912 :
1087 2877 1122 2912 ne
1143 2854 1321 2929 prnjudieium
1338 2845 1384 2938 huit

395 2939 440 3004 43.
463 2940 511 2994 Nil
519 2951 633 3010 parcunt.
653 2937 707 2991 Alii
726 2938 860 3002 scribunt,
904 2937 1139 2992 comoedissseeisse
1147 2928 1385 3000 videreturmdject.

354 3021 417 3072 niirii
430 3039 499 3091 parc.
516 3049 558 3060 -
574 3017 639 3072 Seni.
656 3016 730 3070 Libri
750 3017 860 3089 quidam
903 3022 929 3072 in
944 3019 988 3070 itur
999 3037 1082 3089 pura,
1093 3012 1326 3072 ete-Deciens:
1339 3007 1384 3059 -Ce

353 3099 447 3170 scripti
461 3111 487 3153 et
501 3099 635 3169 impressi,
648 3099 713 3150 milri.
729 3128 768 3141 -
783 3097 842 3151 Seni
850 3140 857 3162 ‚
902 3095 968 3152 n'est
986 3117 1033 3170 pes
1048 3117 1107 3153 sans
1124 3098 1214 3152 raison
1229 3113 1278 3167 que
1289 3090 1384 3144 Terens

352 3179 419 3234 mihi
433 3179 514 3234 veteri
527 3177 618 3231 sotori.
902 3177 963 3232 loue
977 3179 1002 3231 le
1015 3179 1083 3250 style
1098 3175 1132 3232 de
1146 3189 1217 3232 eette
1229 3175 1310 3248 pitees
1323 3167 1340 3220 il
1352 3163 1385 3234 n'y

350 3307 352 3310 .
394 3267 440 3324 44.
454 3258 541 3331 Siqua
551 3255 707 3310 tattuureri
718 3259 860 3312 lectionem
902 3258 989 3313 urien
1004 3277 1037 3310 uu
1051 3256 1147 3310 monde
1156 3255 1191 3310 de
1202 3242 1383 3328 pluspurnidt

353 3341 487 3394 laboriosa
498 3343 521 3390 si
531 3357 578 3409 qua
590 3350 640 3402 est,
652 3336 743 3391 laudat
755 3339 800 3392 Fr.
809 3340 860 3392 Fa·
903 3337 993 3390 mieux
1005 3338 1081 3392 ecrit.
1089 3338 1127 3391 Ge
1134 3335 1220 3408 grand
1228 3339 1299 3406 poete
1305 3333 1384 3398 roysnt

352 3421 419 3474 bric.
433 3422 485 3472 Dat
499 3418 591 3470 Bemb.
614 3421 636 3469 si
648 3437 701 3490 quoe
716 3418 766 3472 ub.
780 3431 807 3471 et
821 3419 859 3473 sie
903 3415 998 3490 qu’elle
1013 3419 1076 3472 erait
1090 3416 1193 3470 deuuee
1209 3412 1327 3470 d’sctiou,
1338 3402 1382 3491 s'vti

350 3514 412 3571 post
426 3517 487 3552 eum
499 3497 585 3550 Bentl.
602 3498 680 3550 metri
692 3516 776 3554 cause.
792 3499 859 3552 Pru·
902 3499 1001 3552 efforee
1015 3496 1049 3552 de
1063 3501 1171 3570 reparer
1187 3497 1242 3548 ecla
1261 3510 1304 3564 par
1318 3487 1339 3538 ΙΙ
1352 3501 1382 3532 '¹'

350 3579 448 3632 miscue
465 3591 554 3632 sutem
566 3575 635 3644 diei,
647 3580 670 3628 si
684 3582 739 3648 qui,
755 3581 778 3631 si
791 3583 858 3650 quin
903 3580 989 3632 tacite
1000 3591 1027 3632 et
1037 3597 1085 3649 per
1097 3579 1123 3630 is
1134 3579 1229 3649 purete
1241 3572 1276 3626 du
1287 3567 1355 3654 style}
1363 3573 1383 3611 ‘1

349 3661 372 3711 si
384 3679 453 3730 quoe,
465 3661 487 3710 si
501 3677 563 3730 que,
578 3656 689 3710 adnotat
700 3658 812 3713 Runhk.
828 3659 856 3711 in
902 3657 964 3712 e'est
979 3661 993 3711 i
1007 3659 1070 3730 quoi
1084 3658 1134 3710 iis
1151 3645 1381 3728 perturementbrffl

348 3739 417 3792 Dict.
433 3751 459 3792 et
476 3737 559 3791 mittit
569 3735 605 3790 sd
620 3737 730 3810 interpr.
747 3739 803 3794 cic.
820 3738 855 3794 ad
900 3739 992 3794 reussi.
1003 3763 1015 3786 ι

348 3819 403 3873 Art.
414 3819 463 3881 lv,
477 3839 507 3884 ²3
523 3830 548 3871 et
558 3815 592 3871 ud
602 3819 678 3871 Bent.
688 3819 715 3870 in
726 3819 792 3871 Hor.
804 3821 853 3890 Ep.
941 3827 987 3891 47.
998 3817 1165 3890 Experimini,
1176 3829 1224 3869 ete.
1237 3803 1378 3864 muudum

346 3899 394 3964 11,
409 3903 435 3952 6.
450 3931 489 3942 --
500 3900 622 3953 Curritur.
632 3898 694 3951 Μαι.
708 3897 817 3969 quidam
829 3911 857 3954 et
900 3900 991 3965 facite,
1005 3911 1058 3952 tum
1070 3897 1097 3950 in
1108 3893 1241 3950 euruoediis
1249 3887 1379 3946 leuibus,ut

344 3979 464 4050 impressi
475 3978 606 4032 vetustiss.
621 3978 763 4032 decurritur.
774 4011 814 4021 -
828 3977 857 4032 St
899 3979 955 4034 hee
971 3991 1028 4043 est,
1042 3965 1379 4054 qusm⁸iin21uboriosi⁵3q¹¹2

343 4057 490 4133 questessi
503 4077 554 4130 qua
565 4059 812 4130 subulamuitiplicis
823 4059 856 4114 sit
900 4060 950 4114 siut
967 4059 1065 4131 ingenii
1082 4057 1135 4112 mei
1156 4055 1225 4110 vires
1242 4053 1266 4104 in
1282 4053 1376 4109 „mique
