2928 4856
338 377 637 448 EUNUCHUS.
666 379 772 447 ACT.
802 379 847 467 V,
874 379 939 449 SC.
969 381 1014 447 V.
1131 383 1205 479 275

133 515 266 600 Quidve
278 511 550 609 incipiamisscee
562 527 673 582 autem
685 513 781 582 video
791 539 868 584 rure
879 513 1071 584 redeuntem
1083 541 1206 588 senem.

133 624 256 692 Dicam
275 619 375 690 huic?
392 623 443 690 An
459 645 527 688 non
545 618 675 690 dicam?
690 621 807 690 Dicam
818 619 952 710 hercle,
968 622 1029 690 etsi
1045 624 1126 691 mihi
1141 651 1207 695 ma·

299 753 402 822 guum
423 725 548 795 malum

135 835 210 903 Scio
232 847 396 928 paratum.
416 833 481 904 Sed
497 857 629 902 necesse
650 846 715 922 est,
733 832 812 902 huic
837 848 875 902 ut
897 833 1080 904 subveniat.
1095 838 1205 908 Prrn.

297 940 402 1035 Sapis.

136 1047 211 1142 Ego
233 1045 316 1116 abeo
334 1049 439 1134 intr0;
455 1060 491 1114 tu
511 1047 563 1114 isti
581 1068 679 1114 narra
701 1069 835 1114 omnem
858 1069 927 1114 rem
949 1047 1084 1137 ordine,
1101 1063 1138 1118 ut
1160 1049 1177 1118 i
1193 1092 1208 1106 ·

297 1166 388 1222 ctum
410 1166 481 1221 stet.

180 1363 248 1430 966.
269 1359 652 1423 numantinorum...
696 1375 739 1422 re,
760 1376 820 1410 eum
848 1359 962 1430 impellit
977 1360 1005 1412 in
1027 1361 1133 1416 insidias
1146 1383 1211 1435 quaa

140 1440 235 1509 (iuidoe
248 1443 368 1510 iminium,
389 1438 495 1505 Quidve
508 1435 653 1509 aggrediar.
696 1437 754 1508 ipsa
769 1436 850 1490 modo
875 1440 1032 1509 praestruxit.

137 1520 197 1572 Jatn
215 1537 294 1591 supra
303 1518 432 1580 vidimus,
447 1516 578 1571 Andura.
587 1525 652 1586 494,
737 1518 803 1586 969.
827 1517 928 1570 Omnem
951 1539 999 1571 mm
1022 1521 1113 1576 ordino.
1132 1521 1208 1578 MSS.

139 1600 325 1669 725‚verbum
336 1602 440 1670 inopem
450 1597 518 1652 turni
525 1615 557 1650 eo
567 1615 652 1650 sensu.
696 1597 734 1650 Μ.
748 1607 775 1650 et
791 1596 864 1668 Lipa.
877 1615 967 1652 omium
983 1601 1098 1656 ordinem.
1114 1603 1208 1658 Faeru.

137 1713 178 1722 -
198 1677 301 1744 Senem
324 1679 456 1742 lachem,
481 1677 654 1732 Parmenonis
696 1678 824 1748 proponit
837 1697 905 1730 omne
917 1679 1017 1748 ordine,
1029 1681 1102 1753 quod
1117 1681 1212 1736 admit·

141 1759 255 1824 herum,
271 1771 298 1810 et
318 1772 421 1830 patrem
436 1757 552 1812 Chaerea
575 1757 654 1810 timul
696 1767 759 1808 tunt
775 1755 849 1810 Bent.
871 1771 898 1810 et
911 1759 991 1814 Both.
1008 1774 1035 1814 et
1051 1761 1212 1834 disponunt,

139 1842 167 1892 'et
180 1837 320 1892 Phoedriae.
696 1836 780 1888 ordine
790 1855 865 1888 omne.
878 1869 906 1881 -
917 1839 1011 1894 Nam,
1025 1841 1116 1896 Gueii.
1135 1859 1164 1908 1,
1178 1843 1212 1910 3,

179 1923 245 1988 967.
266 1918 357 1970 Dicam
370 1911 444 1969 iau?
454 1937 486 1969 an
498 1935 546 1968 non
558 1916 653 1968 AEcamr’
697 1915 794 1986 Delph.
807 1929 916 1970 nomio.
929 1918 989 1990 Bip.
1002 1935 1104 1974 marmio
1114 1923 1212 1989 ordine,

138 1997 387 2068 Siointerrogamuo
398 2009 459 2068 post
478 1998 557 2049 Bent.
572 1996 651 2050 Both.
696 1995 853 2059 ut‚0misais
870 2015 961 2049 omnem
977 2017 1033 2052 rem.
1057 2029 1095 2044 -
1122 2003 1161 2054 Tu
1172 2006 1215 2055 isti

136 2078 207 2130 Perl.
220 2089 246 2130 et
255 2077 335 2130 tertio
347 2077 472 2147 ponimus
485 2076 576 2137 dicam,
592 2089 653 2129 ante
695 2093 770 2126 noma
779 2093 869 2126 omrtem
881 2096 928 2127 rem
935 2078 1026 2130 ordine.
1038 2080 1138 2133 Ancilla
1146 2099 1211 2151 pro-

137 2159 225 2209 inercie.
242 2159 331 2209 Antea.
343 2157 373 2209 Z.
383 2155 465 2227 Valp.
485 2155 574 2206 Dicam
590 2155 654 2222 huic,
696 2153 811 2224 positum
826 2154 908 2208 finem
921 2169 1036 2210 amenum
1052 2173 1107 2224 est,
1123 2171 1150 2212 et
1168 2161 1210 2213 in·

137 2257 170 2289 an
180 2244 253 2290 non?
263 2235 342 2288 dicam
353 2235 437 2289 iamir.
450 2268 490 2278 -
502 2235 587 2288 Etiam
595 2246 653 2306 post
696 2235 769 2286 venit
782 2234 920 2304 quomodo
939 2253 967 2289 ae
978 2238 1064 2308 ipsum
1080 2239 1211 2292 Parmeno

137 2317 216 2368 inercie
226 2315 318 2369 Gueli.
332 2314 358 2367 3.
367 2347 408 2358 -
417 2316 506 2367 Dicam
518 2315 594 2366 inici
604 2315 653 2367 filii
694 2325 846 2380 accusaret,
861 2328 889 2369 et
902 2315 973 2369 ultro
992 2335 1046 2370 sese
1058 2318 1137 2371 herili
1148 2320 1210 2372 rin·

137 2398 254 2462 factum,
268 2406 295 2447 et
309 2391 428 2466 ejusdem
441 2394 601 2467 periculum.
613 2423 653 2438 -
695 2391 774 2446 diotae
793 2394 912 2449 offerret.
928 2427 968 2439 --
986 2397 1020 2449 Ut
1034 2397 1132 2465 sactum
1155 2403 1210 2452 siet.

88 2479 91 2484 ’
137 2477 235 2530 Malum
242 2514 250 2538 ‚
261 2493 375 2546 poenam.
388 2475 501 2547 Proprie
512 2474 609 2528 scilicet
618 2474 654 2527 de
696 2473 862 2528 Noteturhio
870 2487 930 2547 post
938 2495 986 2528 nem
993 2477 1068 2548 aequi
1076 2478 1211 2534 diversum

136 2557 220 2610 serris
237 2555 282 2607 itu
298 2573 351 2608 vox
367 2551 550 2609 dictumvi&
567 2551 653 2608 Andr.
696 2571 787 2625 genus.
813 2553 882 2608 Nam
900 2557 998 2610 rectius
1011 2555 1164 2626 diceretur,
1185 2573 1213 2612 ut

136 2654 174 2690 vn
192 2634 261 2700 432,
272 2653 333 2706 pag.
342 2637 386 2687 62.
690 2635 763 2701 sorta
782 2637 835 2685 siet.
852 2633 904 2688 Sed
918 2650 1013 2706 poeta,
1024 2656 1120 2708 genere
1132 2637 1207 2712 quod

178 2716 246 2785 968.
269 2713 348 2785 Sapis.
362 2713 653 2784 Gueli.2‚sisapis.-
695 2713 771 2784 prius
794 2712 951 2770 adhibuerat
971 2716 1085 2784 omisso,
1104 2721 1210 2790 scripsit

137 2793 195 2848 Scio
215 2807 340 2865 paratum·
363 2793 435 2847 Bene
445 2806 577 2864 paratum
604 2811 654 2846 usu
696 2791 809 2846 subinde
813 2795 918 2862 sactum,
931 2797 1006 2867 quasi
1020 2815 1099 2870 supra
1110 2801 1218 2870 posuis·

138 2875 211 2928 enim
225 2873 321 2928 didicit
336 2891 441 2946 sempor
453 2886 549 2944 presto
563 2871 653 2926 adesse
696 2884 736 2926 set
751 2879 880 2942 negotium.
896 2906 935 2916 -
948 2876 1076 2931 Proterea
1088 2879 1210 2932 animad-

137 2953 243 3008 servilia
253 2954 377 3026 supplicii
388 2955 579 3018 instrumenta3
595 2971 654 3024 quae
695 2951 852 3006 vertendum
874 2967 911 3009 est
935 2954 1030 3009 Graeoo
1048 2975 1124 3011 more
1146 2977 1211 3012 eon·

138 3051 211 3087 nune
228 3032 399 3099 reformidat,
418 3041 511 3104 utpdte
529 3031 654 3087 oibioon·
698 3044 824 3086 structam
854 3051 910 3087 esse
937 3038 1092 3091 sententiam
1124 3039 1212 3104 hanc3

138 3113 207 3166 scius
222 3113 362 3166 ministerii
376 3113 454 3166 herili
463 3113 519 3166 filio
534 3111 652 3183 prestiti.
696 3131 776 3184 quam
802 3130 867 3165 vero
897 3114 918 3167 si
942 3115 976 3170 ad
1003 3117 1091 3170 latium
1116 3118 1212 3189 lingum

138 3226 180 3236 —
193 3193 275 3258 Huic,
293 3193 418 3246 Charete.
444 3224 483 3236 —
507 3189 652 3258 Subvenire,
696 3192 802 3262 genium
810 3211 935 3248 revocare
945 3196 1071 3259 volueris,
1083 3196 1211 3250 habebis:

138 3271 249 3336 laches.
261 3271 388 3343 -Sapio
396 3273 466 3326 Dum
478 3271 587 3343 Pythias
596 3290 651 3325 ser·
695 3283 721 3323 tu
734 3275 775 3324 isti
785 3291 859 3324 narra
873 3275 955 3330 ordino
965 3266 1161 3349 ut(qnomodo)
1171 3295 1207 3328 ms

139 3370 203 3406 vum
216 3353 290 3408 bona
302 3365 391 3406 mente
407 3351 513 3406 videtur
523 3353 652 3424 approba·
695 3355 845 3420 omnissacta
856 3357 897 3408 sit.
