3014 4860
268 399 346 481 dno
509 393 682 461 PUBLfl
711 391 956 462 TERENTII
984 391 1102 460 AFRI

267 531 395 596 Verum
415 522 473 592 ubi
491 522 619 592 videbit
638 538 748 593 tantos
769 525 831 595 sihi
850 539 1003 620 sumptus
1024 522 1114 593 domi

267 629 594 723 Quotidianosheri,
612 655 675 700 nec
694 630 766 700 fieri
784 631 941 718 modum,
1300 661 1335 714 ,ss

268 739 410 836 Optabit
426 761 578 824 rursum,
602 751 641 806 ut
657 737 756 806 abeat
775 737 819 806 ub
834 761 869 808 se
887 735 986 806 filius.

268 849 389 942 Syrum
416 857 554 939 optume
578 839 711 914 eccuml
737 847 819 914 Suu.
846 847 950 915 Cesso
974 840 1336 913 lenesmontem.

428 953 518 1046 Syre.
537 952 617 1019 Srn.
639 946 741 1019 Hem!

269 1062 360 1131 Cen.
377 1057 469 1146 Quid
493 1054 564 1126 est?
586 1058 666 1126 Sus.
690 1057 739 1125 Te
763 1058 809 1126 mi
837 1058 947 1153 ipsum
967 1053 1165 1150 jamdudum
1185 1055 1339 1150 optnbam

269 1275 358 1342 Cum
380 1163 511 1340 Viddid
525 1271 632 1364 egisse
649 1270 719 1363 jum
737 1270 849 1340 nescio
868 1269 949 1364 quid
971 1294 1047 1339 cum
1071 1293 1161 1338 sene.

269 1382 351 1450 Sru.
370 1379 424 1447 De
440 1375 496 1448 illo
516 1375 606 1471 quod
624 1375 771 1448 dudum?
786 1377 925 1446 Dictum
941 1401 981 1447 ac
999 1375 1126 1447 fectum
1142 1375 1281 1446 reddidi.
1304 1407 1340 1461 ‚s

267 1613 327 1662 gno.
344 1591 478 1644 Dicuntur
496 1590 554 1644 hec
569 1609 618 1662 per
634 1591 784 1664 epiphone·
828 1591 897 1644 hm!
909 1591 1180 1654 Perlet.-Adoriri,
1194 1589 1341 1661 significen-

271 1690 323 1725 me.
829 1671 883 1726 tius
900 1689 982 1742 quem
998 1669 1076 1724 adire.
1090 1671 1159 1723 Perl.

311 1749 784 1822 755.Qu0eutams.uep0nit13enu.
870 1745 1077 1822 758.Quidest?
1086 1747 1306 1817 Quidoditores,
1315 1763 1340 1802 et

269 1830 426 1904 quotidiano,
439 1829 615 1901 probantibus
620 1829 681 1902 Bip.
692 1830 788 1883 Ruhn·
831 1830 1039 1884 Dncierieverbs
1053 1827 1188 1903 heoSy'ro
1199 1827 1340 1884 tribuenda

270 1913 332 1966 hen.
358 1942 398 1954 -
423 1909 476 1963 Neo
497 1907 559 1978 fieri
581 1909 684 1964 muru.
716 1910 786 1964 Cum
830 1910 1047 1974 censent:msle,
1060 1922 1091 1964 ut
1099 1910 1138 1963 sit
1148 1911 1234 1964 Zeum
1249 1909 1343 1964 Melius

270 1991 353 2062 gretie
370 1991 501 2057 repetitur
514 1989 627 2042 verbnm
641 2007 649 2042 z
665 2001 788 2060 sumptus
830 1992 993 2045 conveniunt
1003 1990 1153 2056 Chremeti,
1166 1990 1288 2061 cupienti
1296 2008 1342 2042 nu·

270 2071 344 2138 lieri,
357 2089 407 2125 nec
423 2068 482 2123 fieri
496 2067 608 2124 modum
621 2079 787 2139 sumptuum.
830 2068 889 2123 dire
901 2068 968 2142 quid
980 2089 1042 2123 cum
1053 2087 1115 2123 sene
1127 2069 1219 2142 egerit.
1227 2101 1269 2113 -
1277 2071 1342 2123 lum-

274 2150 352 2205 Bcel.
830 2149 1343 2222 drtdumoptabum.Bemh.Br.Zeun.ee·

315 2231 379 2301 756.
398 2230 457 2284 Non
477 2229 562 2282 hercle.
581 2229 660 2282 Both.
683 2229 788 2282 nondum
831 2231 952 2302 optabam.
968 2263 1009 2273 —
1023 2229 1093 2300 Quid
1105 2223 1267 2283 advocati
1279 2229 1343 2282 sole·

274 2312 359 2363 lente.
382 2309 474 2363 Guelf.
494 2327 525 2374 r,
538 2307 615 2381 Syrio
630 2322 689 2381 post
702 2311 787 2363 hercle.
832 2310 896 2364 bant
908 2327 1042 2382 querere,
1053 2309 1114 2381 quid
1123 2303 1276 2375 estdQuere
1287 2310 1343 2363 hec

273 2423 314 2434 —
341 2391 432 2443 Filius.
456 2389 561 2443 Ironice
587 2389 736 2462 repetitur,
756 2409 787 2444 ex
831 2395 940 2444 fortasse
961 2389 1056 2442 melius
1077 2389 1146 2461 Syro
1167 2389 1343 2454 tribuuntur,

189 2472 190 2479 ’
274 2488 352 2523 versu
366 2470 435 2540 753.
831 2487 911 2541 quem
927 2468 1083 2536 Chremeti,
1098 2481 1128 2523 nt
1140 2470 1200 2523 vult
1215 2469 1343 2524 Decieris.

314 2549 384 2620 757.
405 2548 492 2620 Syrum
516 2559 624 2626 optume,
651 2561 703 2602 etc.
724 2549 787 2602 Mes.
831 2547 884 2602 Sed
908 2548 993 2621 magis
1012 2549 1141 2622 probetur
1165 2546 1234 2603 ordo
1259 2563 1344 2602 textus

275 2627 351 2700 quid.
365 2641 391 2682 et
405 2627 488 2696 editi,
500 2629 543 2681 sed
554 2627 611 2701 Syr.
624 2660 665 2672 -
677 2629 786 2692 Eccum,
832 2629 960 2700 vulgaris,
972 2647 1026 2701 quo
1039 2629 1122 2700 Syrus
1132 2628 1226 2683 timide
1236 2643 1345 2682 cuncta-

275 2727 325 2780 pro
340 2708 455 2780 simplici
470 2729 530 2762 ecce.
550 2707 789 2774 Quemadmodum
832 2722 887 2776 tur,
902 2726 933 2762 ac
949 2709 1045 2762 sensim
1061 2708 1210 2781 sensimque
1226 2709 1344 2772 accedit,

274 2788 347 2842 enim
360 2809 456 2851 eccum,
471 2789 559 2853 ellum,
571 2789 667 2861 sepius
680 2806 729 2860 per
741 2807 790 2841 no-
831 2801 859 2844 et
873 2802 999 2860 tunquam
1012 2807 1044 2840 ex
1059 2787 1181 2861 obliquo.

276 2868 366 2932 minu,
386 2868 421 2921 ltu
444 2886 552 2940 qnoque
571 2867 716 2940 aliquando
740 2887 790 2940 per
874 2869 941 2940 759.
956 2861 985 2914 V
981 2869 1128 2937 idereegisse
1133 2871 1277 2940 jumnesct'o
1287 2869 1346 2942 quid

275 2947 402 3001 adverbis
421 2949 602 3002 resolvuntur.
619 2977 660 2990 --
675 2949 788 3019 Optume.
833 2969 886 3000 eum
907 2968 969 3002 serre.
991 2949 1100 3019 Colligit
1121 2949 1173 3002 hoc
1198 2968 1231 3002 ex
1255 2949 1343 3002 verbis

277 3027 347 3082 Miro
358 3027 484 3080 suavitate
498 3045 573 3080 error
585 3027 703 3081 comicus
719 3025 789 3081 desl-
832 3027 908 3099 Syri,
920 3047 936 3081 e
947 3046 1002 3100 quo
1013 3041 1201 3100 exoptaretur:
1213 3027 1345 3082 Credehet

277 3117 382 3180 guntur.
394 3107 522 3161 Chremes
533 3107 679 3176 gratuletur
691 3107 741 3160 sibi
755 3107 789 3161 de
832 3110 903 3162 enim
917 3127 996 3161 senex
1010 3127 1038 3162 se
1052 3127 1067 3161 s
1082 3127 1158 3162 servo
1171 3126 1225 3161 non
1242 3109 1341 3180 opteri,

213 3229 218 3240 ,
277 3200 421 3260 conspectu
433 3185 507 3256 Syri,
520 3203 551 3238 ex
565 3205 619 3257 quo
632 3203 790 3256 cognoscere
831 3188 883 3242 nisi
896 3187 1344 3260 gretiefnllncieinldenedemum‚

277 3269 367 3340 cupit,
381 3263 609 3341 quemadmodum
625 3266 739 3330 techna,
754 3265 789 3320 ed
833 3267 924 3339 deque
932 3286 1013 3339 cupre
1020 3268 1269 3334 tocumsfueratm.
1279 3269 1345 3334 516,

278 3347 424 3409 fallendum
439 3343 640 3406 Menedemum,
655 3345 710 3399 fulli
724 3344 791 3400 desi·
832 3365 891 3420 pag.
905 3347 970 3402 385.
986 3347 1108 3401 docimo
1120 3348 1183 3402 huic
1192 3361 1286 3402 nostro
1293 3363 1344 3403 tm·

277 3427 416 3482 derentem
422 3427 535 3489 scillcet,
543 3425 669 3480 instructu
683 3426 723 3480 sit.
734 3425 786 3499 Sy·
832 3425 887 3481 dite
897 3439 936 3480 est
944 3428 1106 3499 provincis.-

276 3527 322 3563 rtts
331 3505 437 3579 gaudet,
447 3505 541 3560 offerri
548 3505 598 3559 sibi
611 3507 790 3573 Chremetem,
875 3510 940 3574 560.
952 3507 992 3560 De
1002 3508 1045 3560 illo
1055 3507 1122 3580 quod
1128 3508 1239 3560 dudum?
1247 3509 1344 3562 Totum

278 3587 382 3660 egregie
395 3588 509 3654 scilicet,
523 3586 575 3640 sub
593 3585 686 3640 alienis
701 3587 790 3638 nomi·
832 3587 989 3640 sententiem
999 3587 1036 3640 sic
1045 3588 1156 3660 supple,
1166 3606 1217 3640 een
1229 3589 1346 3660 loqueris

278 3667 356 3721 nibus
378 3664 582 3738 decipiendum,
597 3685 651 3737 quo
671 3678 791 3737 tempore
835 3664 869 3719 de
884 3667 1001 3741 fellucie,
1016 3687 1095 3740 qnam
1117 3680 1149 3721 ut
1163 3667 1201 3720 illl
1215 3681 1344 3721 struerem

277 3747 345 3802 nihil
353 3747 543 3818 suspicabatur.
551 3745 790 3798 Baetae-Cesso?
833 3745 952 3800 hortatus
970 3765 997 3800 es
1010 3745 1133 3800 dudum?
1145 3777 1186 3787 —-
1201 3749 1301 3799 Dictum
1316 3767 1345 3799 ee

280 3828 340 3880 Vox
358 3827 475 3893 scenice,
494 3845 544 3898 pro
560 3844 608 3878 cur
622 3825 733 3878 moror?
749 3855 790 3866 -
827 3827 924 3893 sectum
946 3827 1063 3879 reddidi?
1086 3825 1167 3893 Quod
1192 3825 1249 3880 dixi
1269 3819 1344 3895 (rel,

276 3906 360 3977 Syrus
380 3919 468 3960 sutem
492 3903 574 3958 modo
593 3925 609 3958 u
630 3903 790 3958 Menedemo
834 3904 910 3976 quod
928 3895 1034 3975 dixisti)
1049 3906 1171 3978 expedivi
1185 3907 1265 3960 simul
1284 3925 1344 3960 cnm

278 3985 589 4056 egreditur,hernmqne
599 4003 627 4038 se
635 3981 726 4038 videre
734 4004 789 4038 non
834 3983 917 4040 dicto.
937 3977 987 4058 lp·
1006 3989 1083 4047 lece,
1095 3989 1141 4057 ἅμ’
1152 3986 1345 4057 lppeu-Iled·

274 4063 431 4120 dissimulat.
441 4065 790 4132 Hincyocatumexctamu,
833 4065 893 4119 didi.
917 4066 1015 4120 Censet
1027 4067 1145 4120 Perletus
1160 4067 1205 4120 hic
1222 4085 1279 4121 esse
1289 4083 1346 4119 em·
1391 4077 1393 4080 '
