2890 4866
203 435 205 438 .
270 377 485 448 DANIELIS
512 377 685 448 HEINSII
713 317 1026 448 ulssERTATIO.
1137 404 1182 450 cv

189 501 249 558 Nec
261 500 341 557 Deus
354 498 483 570 intersit,
498 497 552 556 nisi
567 497 671 577 diguus
686 497 803 556 vindice
818 498 913 556 nodus
1017 524 1020 530 Δ

189 595 335 656 Inciderit.

99 731 178 798 Ubi
206 730 315 800 nodus
335 736 423 806 estrl
446 723 548 818 δέοις,
566 755 639 824 quae
665 731 833 800 interdum
852 755 917 826 ope
933 730 1080 800 humana
1098 731 1182 800 solvi

101 861 178 907 non
192 852 311 932 potest.
326 838 396 927 Qui
410 837 558 932 quidem,
573 837 636 906 nisi
649 853 769 934 praeter
784 840 893 908 Poetae
908 836 1114 906 voluntatem
1125 853 1184 907 aut

101 967 149 1018 eu
169 944 357 1039 argumenti
373 946 505 1013 eveniat
520 945 730 1028 necessitate,
745 968 815 1014 non
827 969 848 1012 a
864 946 954 1032 Deo,
972 943 1063 1038 quod
1072 945 1181 1039 cujus·

102 1050 160 1118 vis
176 1051 276 1120 etiam
294 1052 529 1145 imperitissimi
549 1065 599 1120 est
621 1050 786 1134 hominiS,
810 1075 927 1119 verum
947 1053 1083 1122 aPocta
1100 1050 1183 1121 solvi

102 1155 219 1224 dehet.
234 1158 379 1245 Rursus,
393 1159 479 1228 sicut
494 1158 602 1252 pictor
615 1159 723 1252 primo
737 1157 901 1232 ambitum
918 1156 1077 1246 delineat,
1093 1158 1183 1227 dein·

102 1261 152 1330 de
172 1262 301 1357 singula
321 1263 480 1348 absolvit,
495 1265 541 1333 ita
556 1265 687 1357 sapiens
700 1267 803 1334 Poeta
822 1266 985 1334 actionem
1008 1288 1102 1334 suam
1123 1265 1183 1334 cir-

105 1369 317 1438 cumscribit.
330 1371 498 1458 Primum,
511 1375 550 1440 ut
571 1373 613 1440 sit
634 1384 721 1460 tota,
737 1371 803 1441 hoc
824 1385 891 1458 est,
910 1385 948 1440 ut
965 1370 1182 1466 principium,

103 1489 148 1544 ut
169 1474 269 1545 finem
284 1474 423 1564 habeat,
439 1489 473 1546 et
491 1476 636 1553 medium
649 1503 659 1565 3
672 1502 745 1571 quae
760 1479 795 1546 in
807 1478 952 1547 minimis
967 1502 1099 1572 quoquc
1113 1503 1184 1548 esse

104 1596 258 1676 possunt.
278 1583 420 1652 Minima
438 1595 549 1652 autem
564 1607 697 1652 sensum
714 1585 771 1654 vix
783 1583 982 1653 admittunt:
995 1607 1117 1678 magna
1130 1586 1180 1652 ni·

104 1689 213 1758 mium
235 1688 441 1784 dispergunt.
464 1689 518 1758 Sic
535 1688 710 1760 formicam
727 1691 784 1759 vix
796 1690 969 1759 videmus:
986 1693 1021 1758 in
1036 1715 1180 1786 conspe-

105 1809 167 1864 ctu
188 1793 357 1890 elephanti
376 1797 469 1864 visus
493 1796 551 1864 vix
572 1794 748 1890 colligitur.
774 1797 889 1886 Quare
909 1796 1089 1866 Comoedioe
1104 1800 1181 1866 Tra·

106 1900 516 1996 goediaequemagnitudo,
525 1916 559 1971 et
573 1901 745 1997 periodus,
759 1916 798 1971 ut
809 1927 886 1971 cum
899 1901 1103 1997 Philosopho
1116 1903 1183 1973 hoc

106 2007 1016 2103 dicam,enaturautn'usqueetrationepetidcbent.Et,
1031 2011 1183 2080 mutatio
1270 2085 1278 2094 ‚

107 2138 153 2182 ne
168 2115 293 2210 prima,
305 2115 371 2186 hoc
383 2129 538 2204 est,cum
547 2113 738 2184 infelicitate
749 2114 793 2183 ad
807 2113 997 2184 felicitatem
1011 2116 1046 2182 in
1055 2117 1184 2185 Comoe·

107 2221 182 2309 dia,
195 2236 313 2291 contra
329 2235 441 2292 autem
463 2223 498 2290 in
513 2220 688 2316 Tragoedia
699 2223 819 2290 mutari
836 2233 946 2316 potest
962 2221 1069 2290 actio:
1085 2222 1132 2290 ita
1145 2236 1184 2293 ut

110 2352 154 2396 ex
175 2342 372 2423 argumento
398 2314 496 2414 nihil,
518 2327 610 2424 quod
629 2327 673 2398 ad
698 2352 769 2397 rem
793 2342 940 2423 spectet,
959 2327 1117 2422 praemitti
1141 2329 1183 2398 sit

108 2459 254 2506 necesse.
268 2438 425 2506 Summus
439 2435 610 2507 Aristoteli
624 2436 768 2506 ambitus
782 2437 880 2506 unius
896 2432 979 2504 Solis
993 2448 1060 2504 est:
1072 2449 1183 2530 potest

108 2565 182 2612 esse
201 2541 328 2637 aliquot
346 2542 516 2613 horarum.
531 2544 609 2632 Qua
619 2544 654 2612 in
663 2557 758 2638 parte
770 2540 984 2625 admirandus
999 2541 1182 2636 Sophocles

107 2650 359 2744 Terentiusque.
377 2648 517 2719 ¹Plautus
538 2673 619 2719 vero
643 2674 765 2720 novem
784 2667 916 2718 'menses
945 2673 1014 2717 uno
1034 2649 1183 2718 dramate

110 2756 306 2850 complexus
326 2770 386 2827 est.
409 2759 459 2826 Ut
476 2757 533 2824 vix
550 2757 657 2850 major
682 2752 887 2850 ampliorque
908 2757 1094 2827 Homericae
1111 2755 1182 2826 Ilia·

108 2861 188 2950 dos,
212 2886 312 2958 quam
341 2862 592 2958 Amphitryonis
620 2865 661 2933 sit
687 2862 854 2958 periodus.
880 2861 1041 2932 Alcmena
1072 2876 1184 2932 autem

110 2969 259 3066 concipit
273 2983 307 3040 et
315 2971 412 3066 parit.
425 2969 528 3059 Quod
542 2971 570 3040 si
586 2970 683 3040 fieret
694 2969 832 3064 ubique,
849 2967 941 3038 nullo
956 2968 1103 3064 episodio
1113 2969 1183 3064 jam

110 3101 199 3171 opus
220 3090 328 3148 esset:
351 3077 492 3172 ideoque
508 3101 571 3147 uec
596 3101 650 3148 ars
672 3090 775 3165 esset,
798 3076 941 3146 scribere
965 3076 1182 3148 Comoediam.

111 3185 338 3278 Praeterquam
364 3183 456 3279 quod
473 3185 516 3254 sit
536 3185 676 3254 monstri
703 3185 824 3272 instar,
845 3197 880 3253 et
899 3209 976 3254 cum
995 3185 1123 3252 ratione
1144 3207 1184 3252 ac

111 3304 234 3360 natura
251 3304 394 3386 pugnet,
409 3304 448 3360 ut
464 3315 538 3385 quae
556 3290 653 3361 simul
674 3305 708 3362 et
725 3291 892 3386 concipiat
907 3303 941 3360 ct
960 3291 1077 3385 pariat.
1095 3290 1185 3379 Qua·

110 3395 157 3466 lia
180 3396 341 3468 nonnulla
363 3398 399 3468 in
418 3398 580 3492 scriptore
597 3398 663 3468 hoc
683 3422 833 3469 summus
849 3397 1048 3467 Criticorum
1070 3397 1183 3466 Caesar

109 3502 259 3600 Scaliger
272 3506 411 3576 notavit.
432 3504 540 3599 Atque
554 3503 626 3574 haec
638 3507 825 3575 vitaverant
840 3507 951 3575 Poetae
959 3503 1086 3589 Graeci,
1099 3526 1183 3597 quo-

111 3635 190 3680 rum
210 3613 334 3707 scripta
349 3612 404 3682 hic
425 3625 601 3707 tantopere
626 3611 837 3682 commendat
854 3609 1012 3679 Flaccus:
1026 3609 1184 3680 Technici

112 3719 328 3804 Graecorum,
350 3719 521 3814 quomodo
550 3718 685 3789 vitanda
713 3732 823 3788 essent
847 3742 886 3786 ac
912 3715 1077 3802 cavenda,
1099 3741 1186 3810 saepe

112 3823 325 3896 inculcarunt
337 3827 414 3896 suis.
426 3824 562 3895 Plautus
576 3825 816 3920 susquedeque
832 3822 963 3911 habuit,
977 3824 1061 3892 utin
1075 3824 1186 3916 Capti-

112 3932 184 4016 vis,
193 3933 305 4021 Quam
320 3933 483 4002 incuriam
497 3933 600 4006 Poeta
615 3957 719 4029 quum
729 3931 876 4016 videret,
892 3932 1061 4002 continere
1075 3952 1187 4002 senon

115 4040 244 4133 potuit,
260 4040 339 4133 quin
352 4037 571 4110 exclamaret:
