2892 4856
324 447 391 520 132
551 452 723 520 PUBLll
750 451 996 521 TERENTlI
1024 454 1139 520 AFRI

315 585 539 678 Responsum,
554 607 621 650 non
640 582 763 651 dictum
784 607 871 666 esse,
892 585 969 678 quin
990 581 1071 652 laesit
1091 586 1191 678 prior.

304 690 382 780 ,Qui
399 689 481 757 benc
503 687 680 772 vertendo,
702 703 737 757 et
756 689 886 760 easdem
904 689 1079 759 scribendo
1096 689 1198 778 malo,
1217 717 1257 760 ex

314 797 439 866 Graecis
459 794 552 864 bonis
572 796 706 864 Latinas
723 793 801 864 fecit
819 819 886 864 non
904 795 1019 864 bonas.

312 900 405 971 Idem
425 899 599 970 Menandri
619 901 758 970 Phasma
777 925 866 972 nunc
886 926 993 996 nuper
1012 900 1119 988 dedit,

314 1093 454 1145 Existimat.
471 1090 632 1142 Eaeutimavit.
641 1119 679 1130 -
691 1089 754 1142 Post
766 1095 817 1142 eci·
862 1087 1010 1160 sicutupud
1020 1088 1231 1154 Quintilianum:
1241 1089 1362 1160 lutogatis

313 1177 408 1230 stores,
422 1169 611 1240 Antesiguanus
620 1168 682 1238 legit
693 1171 761 1222 sciat.
862 1169 972 1221 excelluit
985 1169 1113 1235 Ass-anius.

353 1255 380 1302 li.
401 1251 561 1318 Responsura,
586 1267 633 1299 uon
654 1247 743 1298 dictum
759 1267 817 1302 case.
900 1266 927 1317 9.
940 1248 1015 1300 Idem.
1027 1247 1107 1301 Both.
1118 1247 1360 1301 Iteratae-Idem..

313 1328 477 1384 Subauditur
489 1332 530 1389 ei,
545 1339 571 1380 et
592 1327 671 1380 verba
684 1345 817 1398 responsura
860 1347 935 1399 nuper
941 1327 1015 1380 dedit.
1022 1325 1077 1380 lluc
1085 1343 1148 1379 socc
1157 1326 1218 1378 idem
1228 1328 1363 1398 carpitis·

312 1430 374 1472 asae,
391 1409 480 1460 dictum
493 1427 541 1459 esse
551 1403 760 1480 impersonaliter
773 1425 817 1460 ac·
859 1408 998 1460 uusiuum.
1016 1407 1106 1471 Quum
1128 1407 1200 1458 euim
1220 1404 1290 1460 dicut
1301 1426 1360 1459 eum

311 1489 431 1560 cipimus,
441 1499 565 1560 utsupra.
574 1487 693 1539 Donatus
706 1486 765 1538 vult
777 1487 817 1539 di·
859 1505 934 1558 nuper
941 1488 1031 1538 dedisse
1039 1487 1151 1548 Phasma,
1162 1487 1244 1557 etjam
1255 1485 1361 1548 dixerit,

311 1583 373 1622 ctum
386 1567 431 1620 bic
452 1583 507 1618 esse
527 1583 637 1629 nomeu,
654 1577 680 1617 et
694 1563 817 1636 iutelligit
859 1583 920 1618 eum
935 1587 965 1618 ec
980 1565 1073 1620 Groecis
1092 1565 1159 1617 lanu
1181 1565 1258 1616 mulas
1276 1567 1361 1617 latim

311 1647 469 1700 maledictum.
482 1643 535 1698 sed
548 1645 642 1697 meliu's
655 1642 781 1714 quadrat,
794 1645 816 1698 si
853 1645 936 1710 facere
944 1685 952 1710 ‚
967 1657 1005 1698 est
1024 1645 1098 1716 quusi
1115 1646 1268 1716 pronuntiet
1283 1645 1360 1699 Phas-

310 1730 338 1782 τὸ
351 1727 439 1780 dictam
451 1735 600 1796 opponatur
614 1729 648 1795 τῷ
663 1741 813 1794 responsum,
858 1741 901 1777 ma
912 1721 1075 1777 Menandria
1086 1723 1223 1777 Lanuvino
1233 1722 1361 1778 adultera·

310 1808 377 1862 sicut
391 1805 502 1857 lacessere
521 1815 548 1856 et
563 1821 716 1874 propugnare
730 1821 815 1876 oppo·
859 1814 915 1856 tum
930 1805 1018 1856 fuisse.
1030 1833 1069 1845 --
1081 1803 1192 1856 Plaustra.
1205 1801 1294 1874 Hujus
1309 1805 1361 1856 ble-

308 1881 816 1954 nuutur.Gullice:(lu'ilconsidlrequ'on
858 1881 953 1936 nuudri
980 1882 1074 1936 lsbulae
1094 1883 1146 1936 boc
1165 1894 1206 1935 est
1226 1901 1359 1954 argumen-

311 1968 346 2018 lus'
354 1965 451 2034 repom,
466 1975 489 2015 et
499 1963 573 2035 qu'ou
585 1981 614 2014 ne
629 1961 746 2032 l'attaque
760 1981 815 2032 pas.
858 1973 915 2014 tum
930 1980 937 2015 τ
952 1962 1071 2015 Nouerca
1091 1960 1252 2034 superducta
1276 1961 1360 2016 adole-

310 2077 349 2088 -
365 2045 446 2098 Prior.
473 2043 516 2096 Sic
540 2041 604 2113 legit
623 2041 815 2112 Bemb.'Vulgo
858 2042 955 2103 sconti,
970 2041 1115 2112 virginem,
1132 2059 1211 2113 quum
1224 2059 1257 2094 cx
1277 2043 1360 2094 ricino

311 2127 389 2196 prius.
858 2119 974 2190 quodam
998 2133 1168 2192 conceperat,
1191 2121 1284 2174 furtim
1298 2121 1359 2174 edu·

350 2223 378 2274 7.
386 2205 436 2274 (lui
446 2201 503 2254 dene
509 2199 629 2253 vertendo.
638 2200 735 2269 Guyet.
743 2199 813 2252 male.
858 2212 936 2266 ctam,
946 2199 1360 2273 quumbaberetiulatebrisapud

310 2311 351 2327 -ι
367 2285 405 2336 Et
413 2282 504 2334 easdem
513 2279 635 2333 scribendo
644 2279 713 2330 mals.
725 2277 768 2331 Sic
775 2277 815 2330 le·
857 2278 973 2332 vicinum
988 2279 1151 2348 proximum,
1166 2279 1218 2333 boc
1234 2279 1315 2333 modo
1325 2299 1360 2333 se·

310 2357 814 2432 geudmouetFacxBe.Both.legitea-
857 2374 919 2410 cum
928 2358 1041 2412 babebat
1049 2356 1158 2420 assidue,
1167 2359 1359 2413 uulloconscio.

310 2439 575 2509 ‹IemdntesetValpy
584 2435 814 2504 ecc-Scribunda.
858 2436 1002 2503 Parietem,
1018 2438 1066 2510 qui
1079 2435 1181 2490 medius
1192 2437 1263 2491 iuter
1279 2439 1360 2492 mariti

310 2520 363 2572 Alii
373 2517 623 2572 describendo-Er.
631 2515 652 2568 F
653 2516 741 2568 iniunt
751 2534 816 2586 pras·
858 2513 968 2569 domum
983 2536 1013 2572 uc
1024 2516 1103 2570 vicini
1116 2517 1215 2582 suerat,
1226 2518 1264 2570 ita
1277 2521 1360 2589 perdo-

311 2599 480 2670 positionem
492 2595 730 2649 Bentl.lllu.llctb·
743 2595 817 2649 bunc
858 2593 910 2660 dit,
921 2608 951 2648 ut
964 2597 992 2649 iu
1006 2596 1064 2668 ipso
1077 2595 1188 2649 transitu
1208 2615 1312 2650 sacrum
1324 2600 1360 2650 lo·

311 2696 423 2732 versum.
444 2675 496 2728 ‚ttii
516 2675 650 2746 incipiunt
669 2673 759 2726 eadem
775 2693 814 2728 se·
858 2691 919 2726 cum
928 2675 1127 2728 essesimuluret.
1140 2675 1286 2748 Quumque
1295 2690 1361 2730 tran·

311 2771 445 2829 quentem.
456 2755 625 2824 Peri-Qui
633 2753 815 2808 democratem.
858 2754 938 2806 situr'u
956 2753 1104 2808 intenderet
1126 2755 1200 2806 sertis
1218 2774 1249 2810 ac
1269 2756 1360 2810 froude

316 2863 327 2884 ι
342 2837 408 2888 Beue
428 2848 536 2896 vertere,
561 2830 705 2886 secuudum
727 2833 814 2886 Bentl.
859 2833 944 2894 felici,
957 2851 1013 2886 rem
1028 2833 1144 2886 divinam
1163 2851 1233 2904 saepe
1248 2835 1360 2898 iaciens,

311 2913 596 2977 estlidelitervertere,
610 2911 814 2966 verbumreabo
858 2913 983 2966 evocabat
1007 2912 1042 2966 ad
1067 2931 1093 2965 sc
1118 2913 1259 2984 virginem.
1284 2914 1360 2980 Quod

311 2993 437 3059 reddere,
450 3013 464 3046 e
479 2994 589 3047 Gracco:
601 2989 630 3044 id
640 2991 726 3062 ipsum
738 3010 813 3050 sero.
858 3009 941 3062 quum
956 2991 1180 3045 animadvertisset
1189 2991 1342 3048 adolescens
1353 3037 1359 3057 ,

310 3075 346 3126 ob
354 3073 492 3144 utriusque
498 3069 815 3138 sermonisdiaersitatem,
858 3071 974 3148 primum
987 3083 1094 3143 aspectu
1109 3071 1227 3142 pulcbrc
1238 3073 1362 3145 virginis,

311 3166 350 3207 cst
361 3152 428 3206 male
441 3151 554 3206 scribere
566 3149 728 3204 latine.'1'am
740 3150 816 3203 auxie
860 3149 932 3202 velut
946 3150 1061 3203 numinis
1069 3151 1142 3213 risu,
1156 3153 1305 3221 paculsus,
1319 3173 1361 3206 ex·

311 3231 395 3286 lidum
409 3232 580 3303 interpretem
597 3241 685 3300 egerat
705 3229 814 3282 Luscius
857 3228 961 3281 horruit
978 3228 1068 3282 :unde
1086 3230 1192 3281 Plarasa
1207 3243 1246 3284 cst
1265 3251 1361 3286 nomeu

309 3309 597 3366 Lanuvinus-...Bene
605 3327 655 3379 pro
665 3309 813 3362 oaldeacci·
857 3307 1361 3382 fabulas.Dciude,puulutimreooguitu,

309 3391 350 3463 pit
361 3393 489 3453 Donatus,
503 3402 529 3441 et
543 3400 635 3439 vertere
649 3405 694 3440 seu
706 3405 772 3458 pro,
785 3387 813 3440 in
857 3387 952 3440 exarsit
966 3387 993 3439 in
1010 3406 1126 3440 amorem
1148 3389 1259 3459 puella,
1282 3391 1320 3444 ita
1335 3405 1361 3444 ut

309 3471 426 3542 liugnam
438 3470 544 3522 latinam
554 3467 814 3536 ususlerrepeupro,
857 3465 1003 3519 remedium
1018 3479 1096 3520 tantu
1110 3465 1262 3538 cupiditatis
1271 3471 1361 3524 nisiex

309 3545 813 3621 corrumperc.Facruusdeuique,baue
856 3546 956 3616 nuptiis
964 3564 1018 3598 uon
1027 3547 1195 3620 reperiretur.
1203 3547 1362 3619 ltaexcout·

309 3629 423 3681 vertendo
432 3629 468 3682 sic
482 3628 682 3698 iuterpretatur:
693 3625 813 3694 eligendus
856 3623 938 3678 modo
950 3626 1040 3678 matris
1051 3643 1082 3680 ac
1092 3627 1211 3696 virginis.
1221 3639 1247 3680 ct
1258 3647 1292 3681 ex
1303 3643 1361 3682 voto

309 3710 401 3778 quidem
421 3709 493 3761 bonas
512 3727 571 3778 quas
591 3716 700 3757 cenent.
717 3703 768 3758 Sed
783 3717 813 3758 ut
857 3704 962 3770 auroris,
970 3721 1152 3776 consensuque
1162 3706 1362 3781 pauiunuptis·

308 3785 493 3841 animadvertit
503 3787 638 3848 Bcclerus,
648 3783 763 3837 latinitas
769 3784 812 3838 vix
855 3803 916 3836 rum
929 3782 1103 3838 celebratione
1113 3783 1194 3837 finem
1205 3787 1308 3857 accipit
1317 3790 1361 3842 Fa·

308 3855 516 3938 pariturum
524 3863 812 3933 vertensitdmcela'gere
855 3864 925 3916 bula.
948 3863 1041 3916 Donat.
1052 3893 1090 3906 -
1103 3863 1175 3916 Nunc
1197 3883 1273 3936 maper
1289 3869 1360 3920 dedit.

307 3945 429 3998 amanda.
854 3941 933 3996 Botb.
946 3941 1009 4011 legit
1018 3961 1093 4012 nuper
1099 3942 1215 4012 perdedit.
1224 3945 1360 4016 Ingeniosa

349 4028 375 4079 8.
401 4023 494 4078 Groeris
518 4023 624 4076 laun..
646 4023 745 4074 winus
763 4039 809 4073 uon
854 4035 933 4085 certe,
942 4022 1002 4074 etin
1010 4033 1081 4076 tauta
1091 4021 1362 4094 interpretumauxie-

305 4103 388 4160 boas.
405 4100 567 4158 subauditur
580 4103 660 4156 subst.
673 4101 806 4161 mmoedrls,
853 4113 904 4154 tate
926 4119 979 4154 uon
997 4099 1142 4171 spernenda
1164 4103 1259 4169 lectio,
1284 4123 1359 4176 quam
