3052 4864
416 385 623 456 runnu.
652 389 759 456 scr.
789 387 822 470 1,
850 384 916 454 sc.
942 385 968 464 1.
1020 355 1022 360 ’
1159 379 1206 452 25

143 525 228 612 Qnae
245 520 291 589 ibi
310 518 468 603 aderant,
482 517 569 588 forte
587 541 687 588 unam
707 517 856 614 adspicio
875 512 1171 601 adolescentulam,

142 633 281 699 Forma.
298 675 306 691 .
324 674 333 690 ·
355 627 414 696 So·
431 629 524 694 Bona
538 623 700 694 fortasse?
715 626 763 695 St.
782 628 827 694 Et
839 621 950 708 voltu,
969 622 1081 709 Sosia,
1113 689 1116 698 ,

146 735 239 804 Adeo
259 731 429 820 modesto,
443 730 526 800 adeo
542 744 702 816 venusto,
716 746 754 801 ut
771 729 817 800 nil
832 753 944 825 supra.

145 843 231 931 Quae
245 864 349 934 quum
368 837 450 908 mihi
471 835 645 908 lamentari
665 852 785 932 praeter
799 849 935 908 caeteras

145 950 310 1030 Visassest,
327 957 361 1014 et
380 945 458 1038 quia
474 957 546 1013 erat
563 941 672 1012 forma
693 959 813 1039 proeter
831 956 966 1012 ceteros

146 1055 294 1122 Honesta
312 1067 347 1121 et
364 1048 510 1138 liberali,
524 1050 647 1120 accedo
667 1049 710 1120 ad
732 1049 967 1145 pedissequas:

145 1161 231 1249 Quae
251 1159 309 1244 sit,
322 1182 416 1253 rogo.
432 1159 590 1226 Sororem
608 1181 679 1226 esse
697 1158 790 1226 aiunt
804 1154 985 1249 Chrysidis.

148 1266 315 1335 Percussit
333 1262 419 1333 illico
438 1264 586 1333 animum
605 1287 613 1332 :
635 1278 670 1332 at
689 1259 736 1332 at!
756 1262 822 1332 hoc
844 1259 926 1331 illud
942 1275 1002 1331 est.
1177 1289 1214 1328 „s

147 1375 236 1442 llinc
257 1369 320 1441 illae
342 1369 515 1463 lacrymae,
532 1367 604 1438 haec
622 1367 678 1438 ille
696 1367 736 1439 ’st
755 1368 1005 1452 misericordia.¹
1023 1438 1028 1446 ,

148 1481 208 1550 So.
227 1479 338 1566 Quam
360 1477 462 1574 timeo
476 1499 637 1569 quorsum
653 1471 792 1546 evadas!
808 1476 858 1545 St.
876 1477 989 1544 Funus
1004 1475 1135 1544 interim
1173 1539 1177 1551 ,

147 1659 186 1713 sio
200 1659 304 1727 Liul,
318 1658 353 1730 59
367 1676 375 1712 ε
388 1659 499 1712 uelatum
511 1657 594 1712 domo
608 1660 661 1712 Lu·
706 1657 856 1731 interjectio
881 1657 982 1731 aliquid
1010 1677 1041 1712 ex
1071 1657 1217 1730 improviso

149 1737 237 1792 cretio
248 1738 386 1811 corpusin
399 1739 487 1814 lorum
500 1737 635 1793 deferunt.
647 1765 658 1786 ι
706 1736 938 1811 deprehenderitis.
956 1769 996 1782 -
1017 1738 1073 1790 Hoc
1091 1739 1155 1790 illud
1172 1751 1215 1790 est.

148 1817 246 1871 Itidem
270 1818 458 1892 Aristophanes
480 1820 513 1873 tt.
532 1837 558 1871 v.
585 1836 661 1890 170:
705 1818 825 1872 Mimesis
852 1835 946 1871 eorum
974 1836 1032 1889 que
1060 1817 1219 1888 cogitaverat

152 1900 291 1969 «lsplpouor
299 1899 662 1969 rouroslrspru.»P.—1mus,
706 1897 874 1950 Simo-Hoc
883 1894 956 1966 quod
965 1897 1220 1952 subitointellexiex

150 1979 262 2030 verbum
282 1997 388 2050 quoque
409 1978 539 2037 funebre,
556 1997 607 2050 pro
625 1977 664 2030 ire
707 1977 754 2030 nti
771 1994 914 2047 responso,
932 1989 970 2028 est
990 1976 1053 2028 illud
1071 1962 1144 2047 quod
1164 1978 1218 2046 jem

151 2055 185 2109 ad
203 2059 346 2129 exsequias.
366 2057 410 2111 Cf.
430 2055 481 2112 Ph.
495 2058 532 2122 V,
547 2074 612 2109 vrit.
624 2086 665 2099 -
706 2067 783 2110 anteo
806 2053 976 2108 suboluernm
998 2056 1099 2120 snim03
1121 2054 1220 2108 scilicet

152 2137 265 2200 Interea,
278 2134 344 2189 dum
356 2135 437 2188 funus
448 2134 579 2206 procedit.
708 2153 763 2186 non
775 2145 829 2187 tam
839 2134 872 2186 ah
882 2132 1045 2186 humanitate
1057 2146 1084 2186 et
1096 2151 1218 2188 mansue·

198 2231 260 2282 ¹¹9·
269 2214 384 2268 Formo..
395 2250 403 2265 .
413 2213 470 2267 Sos.
480 2215 542 2266 bono
547 2215 666 2282 fhrtosse.
708 2211 801 2266 tudine
821 2230 979 2280 moerorem,
995 2231 1074 2284 quam
1088 2213 1221 2285 abaliquo

154 2293 331 2364 Interrumpit
350 2292 504 2364 loquentem
527 2292 614 2358 Sosia,
637 2305 667 2346 ut
710 2310 800 2345 amore
812 2291 975 2363 proficisci..

153 2373 210 2444 ipse
229 2383 415 2443 persequatur,
437 2371 544 2443 quodie
558 2371 667 2424 inchoa·
753 2375 817 2426 126.
834 2371 916 2434 Hinc,
933 2391 964 2425 ex
979 2373 1024 2424 ltoc
1038 2371 1131 2426 eodem
1148 2371 1220 2443 quod
1267 2361 1270 2369 λ

154 2465 228 2505 vernt
236 2449 270 2504 de
277 2450 480 2504 adolescentula.
490 2451 668 2517 -Fortasse,
710 2449 798 2506 subito
814 2464 863 2504 etc.
877 2448 933 2503 vid.
951 2469 1039 2523 supra.
1054 2485 1095 2496 --
1109 2453 1164 2506 Illo
1182 2453 1220 2504 la-

154 2528 668 2603 sonovocisintermgstivo,quasiseire
710 2549 811 2603 crymoe,
830 2548 915 2602 uqnas
931 2543 1008 2584 natus
1022 2530 1150 2586 fundebat
1164 2551 1219 2586 non
1281 2577 1284 2586 .

153 2611 234 2674 velit,
255 2628 289 2663 au
309 2610 377 2681 juste
399 2608 544 2663 hariolatus
563 2610 604 2663 sit.
628 2641 668 2653 —-
710 2607 1217 2676 mortue,seddolentiseororiscausa.»

155 2691 193 2742 Et
213 2690 299 2752 wau,
318 2688 405 2760 pergit
421 2688 510 2755 Simo,
528 2702 556 2743 et
573 2689 669 2761 occipit
710 2723 751 2732 -
768 2689 831 2742 Hoc
850 2708 901 2760 pro
919 2691 963 2744 loc
980 2708 1029 2762 per
1047 2691 1172 2764 syllepsin
1195 2705 1221 2747 et

154 2768 228 2840 quasi
247 2787 261 2821 a
281 2787 307 2821 se
324 2765 425 2821 dictum
437 2766 510 2839 quod
521 2769 667 2840 subjecerat
712 2769 816 2840 ellipsin
835 2767 991 2834 adhibetor,
1007 2771 1082 2841 qussi
1093 2784 1160 2824 esset
1178 2773 1222 2825 ltoo

155 2848 249 2912 sosia,
264 2849 326 2900 bono
335 2849 427 2916 formu
712 2861 748 2900 est
774 2848 818 2901 itta
847 2849 1017 2902 misericordia.
1046 2850 1124 2902 «Hoc
1147 2850 1221 2923 quod

199 2944 261 2979 roo.
292 2927 416 2979 Modestus
444 2924 479 2980 ad
508 2927 668 3000 probitatem
711 2946 784 2980 nunc
808 2945 948 3000 agnosco,
981 2931 1098 3002 explicat
1122 2931 1222 3002 optime

156 3007 246 3061 vultus
273 3017 300 3058 et
323 3025 433 3072 ,morum
460 3007 597 3077 pertinet,
624 3026 668 3059 ve·
712 3009 787 3078 cujus
796 3020 862 3062 esset
870 3009 973 3080 generis
981 3008 1221 3073 misericordiailla,

158 3099 241 3139 neutris
254 3083 422 3138 educturum
434 3087 561 3157 corporis.
574 3087 667 3140 Donat.
713 3105 793 3159 qttern
810 3087 964 3141 ostendebat
980 3088 1067 3155 fitius,
1080 3108 1163 3160 quum
1178 3092 1223 3144 tri·

157 3199 199 3210 -
220 3165 254 3217 tte
279 3165 316 3217 nil
341 3183 433 3234 supro,
461 3163 589 3231 subaudi,
613 3185 670 3220 esse
714 3166 1202 3242 stisnonnunquamconlacrymnret.·
1250 3163 1253 3168 ⁵

157 3244 249 3318 possit.
320 3245 321 3260 ¹
714 3247 820 3299 -Illoe
832 3245 996 3320 locqmoeJd
1009 3248 1037 3300 in
1052 3251 1223 3320 proverbium

203 3325 267 3378 rn'r.
286 3324 381 3376 Proeter
398 3335 513 3388 ceteros,
531 3325 671 3396 plusquam
715 3326 796 3393 abiit,
809 3345 892 3397 quum
910 3344 1014 3381 causam
1032 3330 1087 3395 rei,
1103 3349 1162 3402 que
1175 3351 1224 3386 nos

159 3417 267 3458 cetere.
715 3403 763 3458 diu
788 3407 915 3474 latuerat,
936 3405 1091 3462 indicamus.
1122 3409 1225 3464 Citotur

202 3485 265 3539 123.
284 3484 409 3548 Honesta,
431 3481 449 3535 i.
468 3499 492 3534 e.
514 3482 627 3552 pulchre
646 3495 673 3536 et
714 3485 905 3540 Terentianum
920 3485 986 3550 hoc,
1000 3487 1065 3540 Hor.
1077 3489 1161 3558 Epist.
1177 3490 1224 3542 lib.

161 3562 457 3633 eleganti—Liberali,
473 3579 532 3633 (με
545 3560 673 3615 indicaret
716 3564 745 3628 Ι,
762 3584 823 3632 xix,
840 3573 893 3630 41,
912 3579 937 3622 et
958 3567 1016 3620 Cic.
1035 3567 1063 3620 in
1082 3567 1157 3622 Orat.
1172 3588 1224 3642 pro

161 3643 272 3696 liberam
286 3655 313 3696 et
327 3642 469 3713 ingenuam
483 3641 622 3712 virginem.
633 3671 673 3682 —
716 3643 798 3698 Celio
808 3679 848 3688 -
861 3646 912 3698 ttta
928 3647 958 3697 'st
971 3647 1139 3702 misericordia.
1157 3651 1224 3704 Vul-

163 3723 333 3793 pedissequas,
347 3720 454 3799 ancillas
470 3739 529 3793 que
545 3720 619 3775 illam
628 3741 671 3792 pe·
715 3741 750 3794 go
762 3725 856 3778 ultima
868 3726 940 3779 vocis
952 3725 1124 3798 precedentis
1135 3729 1226 3796 litera,
1263 3787 1268 3798 ,

162 3802 232 3854 dibus
244 3801 408 3874 sequebantur.
584 3826 590 3836 ⁴
718 3816 748 3870 et¹
765 3823 832 3875 stepe
857 3806 942 3876 prima
963 3807 1160 3880 subsequentis,
1179 3831 1227 3881 per

206 3888 271 3944 124.
283 3880 392 3934 Sororem
401 3901 458 3934 esse.
467 3879 585 3936 Subsudi
595 3881 670 3935 ittam.
716 3885 894 3955 apostrophen
909 3885 1033 3952 eliditur,
1047 3901 1078 3941 ut
1092 3890 1143 3942 hic.
1160 3891 1225 3943 Item

207 3963 267 4015 125.
280 3962 402 4014 Percrun't
413 3972 464 4014 etc.
479 3968 512 4016 tt.
527 3981 549 4013 e.
562 3980 672 4032 respon·
717 3963 815 4026 Greci,
830 3961 858 4016 ὦ·
869 3966 929 4034 scot
940 3985 990 4037 pro
1001 3963 1021 4018 ‹t›
1032 3968 1117 4038 ἀγαθέ.

163 4041 202 4095 sio
217 4041 341 4112 percussit
355 4040 512 4113 suspicione·
529 4073 567 4085 -
577 4041 671 4095 Atat!
760 4063 824 4114 ¹²7·
842 4045 961 4114 Quorsum
977 4047 1064 4100 eredes
1073 4087 1080 4111 ,
1097 4046 1131 4100 ad
1148 4066 1226 4120 quem
