2890 4866
330 408 392 474 na
421 407 593 476 METals
621 410 935 480 ranaurnms.
1045 435 1163 482 omn

92 537 244 635 Angelus
250 537 566 634 Politianusprimus
577 540 762 636 periculum
770 542 887 614 fecisse
898 543 1037 614 dicatur.
1049 548 1167 615 Postea

91 646 251 741 deinceps
269 645 312 714 de
334 647 448 716 metris
470 649 675 718 Terentianis
697 648 837 719 aliorum
856 650 1029 720 hominum
1049 649 1167 722 docto·

93 777 188 842 rum,
204 778 288 848 quos
303 778 371 822 uon
390 754 494 822 otium
505 769 557 824 est
567 755 757 844 nominare,
770 755 833 824 alia
848 781 887 826 ac
901 756 1030 827 diversa
1042 757 1166 851 judicia

92 862 323 930 innotuerunt.

149 987 186 1077 ὃ.
209 989 269 1062 23.
287 990 390 1081 Quod
408 1016 489 1060 vero
511 1007 653 1062 metrum
672 995 789 1062 attinet
803 993 1048 1064 observandum
1063 993 1149 1064 alicu

89 1100 147 1192 jus
162 1112 284 1193 poetae,
297 1123 393 1189 aures
412 1101 642 1168 Romanomm
657 1099 807 1170 difficiles
824 1101 903 1170 satis
919 1101 1035 1185 fuisse,
1048 1102 1168 1171 Cicero

92 1219 238 1275 testatur
261 1204 400 1274 dicens:
428 1235 445 1270 a
465 1207 506 1274 ln
533 1230 632 1276 versu
652 1205 784 1301 quidem
811 1208 939 1278 theatra
965 1221 1036 1276 tota
1057 1206 1168 1278 excla-

92 1326 208 1399 mant,
226 1313 253 1382 si
274 1311 375 1381 haerit
398 1335 465 1380 una
490 1311 614 1406 syllaba
639 1313 772 1382 brevior
798 1330 856 1383 aut
877 1313 1015 1408 longior.
1033 1343 1049 1378 a
1073 1315 1166 1384 Orat.

90 1409 126 1509 §.
153 1415 237 1514 173.

150 1546 186 1637 S.
217 1554 276 1637 ad.
289 1555 531 1622 Verumtamen
543 1554 699 1622 Terentio
714 1567 828 1622 nostro
847 1577 940 1622 suam
956 1557 1053 1623 metri
1067 1553 1166 1625 licen·

91 1661 176 1727 tiam
198 1659 308 1729 minus
328 1657 464 1728 difficile
485 1659 528 1728 ab
547 1658 663 1728 iisdem
683 1659 819 1729 theatris
836 1684 906 1729 esse
928 1660 1168 1747 condonatam,

92 1764 129 1834 id
148 1789 191 1833 ex
210 1767 318 1834 causis
337 1789 437 1859 supra
456 1764 554 1834 dictis
576 1765 686 1860 palam
708 1765 780 1834 fieri
797 1765 938 1834 videtur.
955 1765 1020 1836 Sed
1042 1767 1093 1836 his
1109 1769 1165 1850 ad7

88 1873 198 1967 jiccre
213 1869 327 1956 liceat,
349 1895 423 1965 quae
442 1871 585 1941 Rufinus
605 1885 729 1944 monet.
750 1873 899 1942 «Nostri
915 1875 1021 1958 enim,
1040 1876 1165 1968 inquit,

89 1983 127 2047 in
136 1974 346 2047 modulandis
356 1977 538 2072 rhythmis,
552 2001 611 2048 seu
624 1979 756 2065 metris,
765 1979 886 2046 veteris
901 1978 1071 2048 comoediae
1086 1983 1164 2050 scri-

89 2100 209 2181 ptores
223 2085 316 2180 sequi
335 2081 542 2170 maluerunt,
558 2084 593 2153 id
611 2100 679 2174 est,
696 2082 870 2180 Eupolim,
882 2085 1076 2171 Cratinum,
1089 2088 1166 2155 ari-

91 2191 306 2287 stophanem.
322 2190 483 2287 Prologos
501 2192 613 2286 itaque
630 2206 665 2260 et
679 2192 862 2286 primarum
882 2213 1057 2260 scenarum
1073 2204 1168 2261 actus

90 2299 255 2368 trimetris
276 2296 630 2394 comprehenderunt:
651 2296 770 2368 deinde
790 2295 1019 2392 longissimos,
1040 2295 1074 2366 id
1096 2313 1167 2385 est,

90 2418 307 2476 tetrametros
319 2403 553 2492 subdiderunt,
568 2405 624 2500 qui
638 2402 848 2500 appellantur
860 2402 1041 2500 quadrati:
1052 2419 1167 2498 postea

89 2515 129 2582 in
150 2511 363 2607 sequentibus
384 2513 619 2582 variaverunt:
635 2511 736 2582 modo
750 2511 839 2580 enim
856 2511 1041 2600 trimetros,
1063 2509 1164 2582 modo

89 2617 209 2689 addito
227 2617 480 2718 quadranterel
496 2619 630 2688 semisse
646 2631 845 2714 posuerunt,
864 2616 898 2686 id
917 2632 984 2706 est,
1001 2617 1167 2714 semipede

90 2725 246 2819 adjecto,
261 2723 315 2794 vel
330 2726 462 2821 integro
482 2725 566 2820 pede
586 2725 715 2814 iambo,
727 2723 780 2794 vel
795 2723 998 2820 sesquipede.
1010 2727 1091 2795 Haec
1105 2750 1166 2821 per

89 2831 224 2902 medios
241 2845 353 2918 actus,
371 2832 463 2901 varie
483 2856 598 2902 rursus
615 2835 650 2901 in
667 2833 757 2902 exitu
771 2830 958 2900 fabularum
972 2831 1167 2926 quadratos,

90 2938 212 3010 duales
233 2938 393 3027 diximus,
412 2941 447 3007 in
468 2937 612 3010 secunda
633 2963 731 3010 scena
752 2938 959 3009 locaverunt.
980 2938 1045 3007 Sed
1065 2938 1164 3008 iidem

88 3045 187 3142 quod
198 3047 262 3114 rati
272 3044 420 3140 legitimi,
429 3071 506 3115 cum
517 3045 659 3116 sedecim
672 3044 815 3140 syllabis,
821 3045 915 3140 juxta
925 3045 980 3138 jus
994 3046 1166 3140 proprium

90 3152 429 3245 eonsmredebeant,
445 3152 641 3249 plerumque
655 3153 870 3222 inveniuntur
886 3152 1004 3246 viginti
1019 3168 1078 3222 aut
1094 3177 1168 3221 arn-

90 3257 184 3356 plius
206 3258 420 3353 syllabarum·
434 3261 522 3332 Hinc
544 3261 774 3330 existimantur
794 3273 938 3329 metrum
960 3283 1028 3328 non
1046 3259 1169 3328 tenuis-

91 3391 149 3450 se,
171 3391 235 3436 nee
251 3391 311 3438 sua
332 3366 405 3463 lege
423 3367 656 3463 composuisse.
675 3397 692 3434 a
711 3369 791 3438 Haec
809 3390 914 3460 usque
928 3364 970 3435 de
984 3365 1170 3436 metrisTe-

93 3488 266 3545 rentrams.
