2968 4856
300 353 373 440 334
522 358 702 425 runnu
729 334 989 428 rnn'nttrrr
1016 359 1138 427 arm

579 602 784 692 SCENA
817 601 1065 690 TERTIA.

538 835 807 902 CLITIPHO.
843 835 1106 904 CHREMES.

346 1067 445 1132 Cura.
466 1058 556 1130 Nihil
582 1059 692 1130 adhuc
719 1075 785 1148 est,
805 1055 895 1155 quod
920 1085 1074 1145 vereare,
1094 1061 1229 1133 Clinia:
1255 1062 1357 1140 haud-

451 1189 617 1261 quaquam
637 1168 734 1235 etiam
753 1181 898 1252 cessant,
1323 1207 1359 1258 ¹7⁵

293 1279 336 1344 Et
356 1273 442 1342 iiiam
462 1271 559 1341 simul
579 1297 655 1341 cum
676 1275 794 1341 nuntio
812 1275 871 1342 tibi
891 1274 945 1342 hic
967 1299 1030 1367 ego
1052 1273 1244 1347 adfuturam
1261 1280 1359 1352 hodie

451 1381 528 1448 scio.

292 1489 391 1560 Proin
412 1500 449 1555 tu
471 1483 722 1554 sollicitudinem
747 1489 843 1556 istam
865 1485 1000 1575 falsam,
1018 1511 1091 1582 quse
1115 1503 1149 1559 te
1171 1497 1342 1566 excruciat

449 1606 570 1660 mrttaS.

293 1702 380 1771 Cure.
399 1699 543 1787 Quicum
565 1697 710 1793 loquitur
729 1698 836 1768 filius?

1350 1551 1360 1582 ἱ

294 1967 337 2018 Br.
348 1997 387 2007 -
398 1963 489 2016 Guett.
511 1983 544 2028 a,
565 1975 590 2014 et
610 1963 654 2014 Br.
678 1963 801 2031 Quinam,
845 1951 953 2015 tendam
963 1962 1093 2033 virginem
1103 1981 1135 2015 ex
1143 1965 1269 2020 urbe.Ci.
1280 1967 1360 2032 infra,

292 2063 342 2118 pro
359 2044 479 2117 quirinum.
498 2075 537 2086 -
558 2041 646 2105 Adeo,
668 2059 739 2110 ergo.
760 2075 800 2083 —
848 2059 963 2109 ¹9¹·-
977 2043 1132 2106 Tettmeter
1142 2041 1176 2095 ad
1187 2043 1337 2110 adsutum.

294 2126 376 2188 Hinc,
391 2143 422 2176 ex
438 2123 490 2175 hoc
504 2123 565 2174 loco
579 2117 652 2182 (scil.
668 2138 684 2171 e
698 2112 801 2190 coena).
890 2139 953 2192 177.
972 2121 1048 2173 Proin
1062 2135 1087 2174 tu
1104 2123 1201 2176 sollici.
1217 2125 1310 2178 Guelf.
1328 2145 1359 2190 t,

295 2235 334 2244 -
343 2204 412 2275 Quid
420 2213 559 2272 crepuerunt
569 2203 632 2263 sores
643 2199 709 2251 Hinc
719 2221 735 2251 u
746 2207 802 2252 me?
841 2203 913 2271 proin
922 2204 1063 2272 opinionem.
1073 2233 1112 2246 -
1120 2203 1184 2272 Ques
1193 2215 1216 2254 te
1224 2211 1359 2269 excruciet,

294 2287 350 2338 Cur
359 2296 455 2354 apertat
464 2282 571 2336 fuerunt
580 2282 614 2334 ab
621 2280 746 2333 interiore
754 2279 801 2332 do·
845 2285 934 2331 mitras.
946 2281 1043 2345 Goon,
1058 2304 1083 2345 a.
1097 2301 1151 2353 quoe
1161 2303 1302 2356 quenquam
1313 2307 1358 2337 ex-

294 2383 339 2416 mo
348 2381 413 2415 mere
421 2363 448 2414 in
459 2360 572 2414 exterius
580 2359 800 2431 portui—Huc,
844 2363 933 2412 cruciet
948 2364 1052 2414 omittas.
1073 2365 1141 2414 Dant
1156 2363 1237 2415 etiam
1258 2368 1358 2417 omittas

295 2445 321 2496 in
335 2444 407 2495 hunc
420 2441 554 2512 angulum.
567 2437 697 2493 Recedam
710 2441 799 2493 tantis·
843 2439 888 2492 Br.
899 2441 988 2494 Gueli.
1004 2441 1180 2511 r‚Antesign.
1190 2473 1232 2482 -
1243 2443 1357 2511 Fuimus,

295 2541 343 2595 per
354 2521 478 2574 alimine·
486 2553 525 2562 —
532 2520 673 2573 Comum
681 2538 732 2590 pro
742 2539 799 2573 con-
843 2519 908 2572 falso
915 2523 1357 2592 conceptam-Qnoeteeucruer'ut.

294 2603 382 2654 cedam.
395 2599 458 2653 Vid.
472 2600 561 2653 Sanct.
575 2601 642 2653 stin.
658 2601 687 2664 1,
706 2599 751 2652 13.
843 2601 883 2652 De
907 2599 956 2653 hac
979 2597 1167 2666 sollieitudine,
1189 2621 1251 2674 quse
1273 2605 1357 2658 suerit

338 2681 400 2750 175.
416 2681 488 2734 Nt'iril
505 2679 597 2745 adime,
614 2694 663 2732 eto.
679 2681 742 2732 Huc
757 2679 799 2733 di·
843 2679 952 2745 Clinia,
972 2678 1028 2732 vid.
1049 2681 1117 2733 infra
1139 2680 1212 2746 231,
1235 2703 1294 2755 sqq.
1314 2715 1357 2726 -

293 2775 390 2814 cuntur
404 2759 437 2814 ad
459 2760 573 2814 Cliniam
594 2760 676 2824 intus,
692 2759 739 2830 qui
756 2779 797 2812 re·
842 2759 945 2824 Mittas,
959 2757 1077 2830 depeiiat
1087 2760 1176 2814 animo
1188 2775 1248 2815 tuo.

294 2839 799 2899 dux,invicinmndomumChrernetis
885 2841 945 2902 178.
973 2841 1091 2909 (tutetur,
1116 2859 1165 2911 pro
1184 2861 1294 2914 quocum.
1314 2871 1356 2884 -·-

292 2921 325 2975 ad
333 2921 524 2992 Giitiphontem
535 2919 689 2972 familiarem
698 2918 747 2971 sibi
759 2917 799 2970 di·
843 2918 911 2971 Satis
923 2935 1017 2990 magne
1028 2933 1084 2972 eret
1092 2937 1185 2984 causa,
1197 2939 1258 2992 (με
1269 2921 1355 2976 Chre·

292 3013 420 3066 verterat,
443 3011 473 3052 nt
492 3000 530 3052 ibi
553 2999 663 3052 amicam
681 3017 712 3051 ex
731 2999 798 3050 urbe
841 3011 936 3052 metern
963 2993 997 3051 ad
1018 3000 1141 3052 convivas
1162 3013 1354 3072 properantem

293 3081 440 3134 arcessitam
471 3091 640 3152 exspectaret.
659 3107 699 3118 -
724 3078 799 3148 Quod
841 3091 997 3133 moraretur.
1011 3079 1165 3150 Argumenti
1184 3081 1257 3133 enim
1271 3081 1355 3135 inten-

292 3181 398 3223 sivum,
410 3159 574 3230 Antiphilam
583 3177 639 3210 non
648 3170 795 3211 venturam.
841 3173 909 3222 erat,
928 3159 988 3212 seiri
1009 3157 1152 3212 adtentum
1177 3159 1286 3226 etiaim,
1303 3179 1353 3214 an-

292 3241 609 3313 -Haudqaaqaametiam
617 3238 798 3291 caruntNon·
840 3251 946 3310 tequam
963 3237 1152 3310 ingrederetur.
1168 3240 1261 3310 Itaque
1272 3241 1353 3294 Cliti-

291 3321 356 3374 dum
376 3321 455 3373 etiam
473 3320 531 3376 ilia,
550 3319 632 3391 Syrus
652 3329 677 3370 et
694 3319 795 3371 Dromo
840 3319 911 3391 pho,
927 3317 1023 3388 utlhoe
1033 3319 1166 3374 nuntiaret
1177 3319 1218 3383 ei,
1232 3339 1352 3390 egressus

290 3401 380 3465 servi,
403 3400 450 3472 qni
473 3398 506 3451 ad
533 3417 590 3451 eam
615 3395 793 3450 arcessendam
840 3409 1013 3470 eret,neque
1031 3398 1122 3470 potuit
1132 3399 1264 3469 negligere
1274 3417 1354 3452 ocea-

291 3481 448 3544 missisunt,
461 3479 575 3531 nimium
589 3478 635 3532 diu
650 3489 794 3530 morantur.
840 3479 941 3531 sionem
959 3479 1100 3542 Chremes,
1117 3479 1182 3550 quin
1198 3477 1284 3531 fllium
1298 3479 1354 3534 hoe

333 3565 397 3630 176.
416 3559 473 3612 Tibi
485 3559 523 3609 lrie
535 3577 579 3628 ego
590 3555 668 3624 adsue.
684 3559 734 3608 hoc.
750 3557 794 3610 Sic
841 3557 1002 3629 exempioad
1013 3558 1136 3611 virtutem
1149 3557 1352 3612 cohortaretur:

291 3643 337 3694 lib.
349 3641 431 3712 antiq.
444 3654 470 3693 et
486 3655 577 3690 omnes
588 3638 686 3700 nostri,
699 3650 795 3708 prseter
840 3637 952 3690 aliorum
963 3639 1060 3690 scilieet
1070 3639 1148 3690 rebus
1157 3639 1281 3702 intentus,
1291 3657 1353 3692 sua-

290 3721 367 3774 Both.
394 3722 440 3791 qni
462 3717 583 3778 ordinet,
608 3717 650 3770 tibi
670 3717 725 3768 hod.
749 3733 795 3786 ego
840 3735 900 3769 rum
917 3716 1009 3770 sedulo
1028 3718 1142 3788 ignarus.
1162 3717 1244 3782 Quod
1261 3719 1353 3788 ipsum

288 3803 326 3853 iric
347 3805 396 3851 scio
411 3800 463 3866 ads.
482 3799 515 3851 eb
533 3817 586 3850 uno
607 3793 693 3852 Codd.
715 3797 793 3850 Bent.
840 3811 878 3850 est
903 3799 1058 3868 οἰκονομικόν.
1078 3796 1169 3862 Quid?
1186 3795 1270 3862 Quod
1291 3811 1353 3852 ante

290 3881 363 3934 abest
376 3881 457 3942 hiera
472 3889 521 3930 vet.
532 3875 677 3936 Lindenbr.
690 3887 794 3928 utrum·
840 3895 940 3929 etenum
958 3877 1047 3931 omniu
1067 3877 1111 3929 itta
1128 3877 1349 3947 gerisdebebunt.

288 3979 353 4034 que,
362 3959 577 4030 tristego-*Cam
589 3961 679 4010 nuntio.
691 3956 794 4008 Scilicet
839 3975 897 4027 quse
912 3969 1001 4010 actum
1014 3955 1160 4010 seeundum
1173 3957 1350 4012 constituunt.

286 4039 419 4094 serentum
434 4037 536 4091 miserat
551 4037 649 4102 Clinia,
664 4034 696 4089 ed
710 4053 792 4090 mees-
839 4037 905 4101 Qae
919 4052 1017 4099 moro,
1032 4037 1128 4091 seilicet
1144 4037 1293 4108 plurimum
1306 4055 1351 4092 re·
