2890 4866
233 397 447 466 DANIELIS
472 399 641 470 HEINSII
669 401 977 472 DISSERTATIO·
1059 426 1138 474 cxix

50 529 161 616 Quae
172 525 240 620 jam
262 526 352 598 docti
366 526 579 624 collegerunt.
593 530 694 600 Unde
714 545 749 600 et
771 534 867 603 istam
888 533 1008 606 summi
1026 535 1140 605 Critici

53 658 249 706 censuram
267 647 411 706 meruit:

131 837 139 852 ,
196 789 312 847 Plautus
327 787 364 846 ad
380 790 529 868 exemplar
539 791 628 850 Siculi
640 809 802 869 properare
812 793 978 870 Epicharmi

195 886 319 944 Dicitur.

60 1049 288 1141 Quamquam
315 1072 393 1117 sane
422 1048 501 1117 alibi
525 1074 594 1118 non
620 1051 792 1120 invenuste
814 1053 853 1119 iis
875 1076 953 1120 usus
974 1066 1033 1120 est.
1058 1052 1142 1139 Quae

59 1153 263 1223 Menander
282 1167 409 1242 tamen,
423 1169 457 1223 et
470 1157 580 1252 imago
595 1155 687 1248 ejus,
702 1156 744 1225 de
762 1181 828 1250 quo
845 1181 935 1227 nunc
948 1159 1067 1252 agitur,
1080 1159 1141 1226 Te-

61 1261 221 1347 rentius,
234 1274 392 1354 tanquam
408 1284 485 1329 cum
498 1261 646 1355 periculo
663 1262 856 1354 conjuncta,
870 1265 956 1332 serio
976 1261 1142 1358 fugerunt

62 1369 160 1435 Haec
189 1391 251 1460 pro
272 1367 343 1434 viro
362 1369 507 1436 maximo
521 1369 677 1452 Horati03
695 1393 801 1462 neque
822 1368 979 1437 adversus
992 1369 1143 1438 Plautum

66 1471 170 1540 dicta
190 1487 282 1556 sunt,
303 1496 402 1566 quem
420 1496 585 1557 amamus,
605 1475 818 1568 suspicimus,
837 1473 1018 1570 diligimus,
1033 1499 1072 1542 ac
1088 1498 1144 1543 ve·

66 1601 257 1666 neramur;
282 1602 417 1663 verum,
446 1593 484 1650 ut
508 1577 670 1670 judicium
704 1581 751 1648 sic
778 1603 952 1664 acuamus;
983 1577 1080 1648 simul
1107 1596 1145 1650 ut

68 1685 169 1754 acuti
187 1685 256 1764 isti,
273 1682 363 1778 quod
378 1681 534 1753 videntur
550 1686 627 1772 sibi,
639 1685 683 1754 ita
698 1685 932 1756 facetissimum
949 1686 1144 1780 scriptorem

68 1803 213 1878 ament,
231 1786 358 1886 legant,
372 1804 533 1878 tractent,
553 1805 652 1886 atque
672 1791 819 1861 ediscant
831 1786 934 1886 (quod
953 1807 986 1860 et
1003 1806 1092 1860 recte
1112 1806 1146 1861 et

70 1895 196 1965 ordine
215 1895 311 1964 abiis
331 1893 404 1964 fieri
418 1895 583 1966 fatemur:
599 1921 706 1992 neque
722 1899 808 1966 enim
825 1899 902 1966 11111
921 1897 1146 1966 commendari

79 1993 213 2097 potest)
231 2016 270 2072 ut
283 2026 345 2070 nec
363 1999 461 2096 plane
479 2017 512 2070 et
533 2002 656 2097 ubique
671 2003 847 2071 Veteribus
861 2001 1017 2096 probasse
1030 2027 1065 2070 se
1080 2028 1146 2071 me-

71 2107 254 2176 minerint:
273 2121 326 2196 et,
346 2106 435 2202 quod
456 2107 511 2176 hic
530 2109 695 2202 praecipue
715 2121 923 2201 spectamus,
945 2108 986 2177 de
1008 2110 1146 2180 Horatio

74 2215 217 2310 ejusque
233 2213 309 2283 crisi
326 2214 434 2282 minus
449 2212 552 2284 libere
571 2212 750 2308 loquantur
765 2231 773 2277 t
791 2213 936 2282 Terentii
958 2227 1068 2283 autem
1089 2215 1147 2282 111-

74 2345 154 2389 ram
178 2343 217 2388 ac
235 2344 339 2414 prope
354 2317 554 2388 ineffabilem
577 2322 814 2406 amoenitatem,
832 2318 1042 2414 elegantiam,
1059 2319 1146 2412 judi-

76 2429 193 2511 cium,
208 2449 247 2495 ac
267 2423 687 2519 venustatem,intelligere
706 2424 864 2520 paulatim
886 2425 1022 2496 discant.
1045 2427 1147 2519 Cujus

76 2530 290 2601 incredibiles
307 2531 447 2626 lepores,
461 2545 499 2599 ut
509 2535 527 2599 J
529 2531 671 2626 osephus
682 2531 826 2626 Scaliger
844 2531 974 2601 dicebat
988 2530 1065 2600 olim
1075 2584 1084 2617 ,
1093 2534 1148 2598 vix

78 2638 282 2708 centesimus
303 2637 508 2706 eruditorum
528 2639 666 2732 quisque
684 2638 784 2706 videt.
802 2638 856 2705 Ne
876 2663 952 2706 cum
974 2636 1030 2706 illo
1052 2636 1147 2705 simul

79 2759 117 2812 et
145 2743 340 2829 Afranium,
369 2745 541 2838 antiquum
568 2745 764 2832 Comicum‚
788 2743 1028 2830 condemnent,
1055 2743 1148 2836 cujus

78 2851 291 2920 verissimum
313 2863 412 2943 atque
433 2848 623 2919 absolutum
643 2864 749 2919 exstat
763 2849 947 2942 judicium:

205 3011 341 3070 Terentio
353 3028 413 3068 non
429 3011 551 3070 similem
565 3010 643 3068 dices
656 3009 831 3089 quempiam.

81 3171 193 3242 Nobis
216 3170 346 3240 Eruditi
376 3173 561 3265 ignoscent,
587 3171 678 3265 quod
702 3172 772 3239 haec
799 3171 920 3258 fusius,
949 3173 976 3238 si
1004 3172 1154 3264 cogitent

86 3277 289 3372 praesertim,
303 3301 425 3346 munus
441 3278 512 3344 veri
523 3277 640 3347 Critici
658 3301 728 3346 esse
745 3301 784 3346 ac
798 3277 971 3364 Censoris,
988 3301 1056 3345 non
1071 3275 1154 3346 litte·

89 3381 199 3452 rulam
223 3383 342 3476 ejicere
366 3381 461 3469 alibi,
483 3397 541 3452 aut
565 3384 774 3453 innocentem
800 3382 957 3478 syllabam
974 3381 1156 3467 damnare,

85 3513 206 3559 vocem
223 3487 338 3559 tollere
349 3487 445 3576 alibi,
456 3485 515 3557 1111
533 3489 727 3574 emendare,
742 3489 799 3558 sed
818 3491 943 3559 sincere
957 3487 998 3556 de
1013 3491 1155 3558 auotori-

87 3597 153 3664 bus
174 3619 216 3664 ae
236 3595 335 3664 rebus
347 3593 501 3689 ’judicare
522 3595 638 3689 :quod
656 3610 690 3664 11
708 3595 821 3668 solidae
843 3609 879 3664 et
897 3591 1056 3662 absolutae
1078 3619 1156 3686 eru-

88 3702 224 3772 ditionis
238 3715 299 3772 est.
308 3703 404 3791 Quo,
418 3704 454 3770 11
469 3698 583 3789 fallor,
596 3727 712 3772 omnes
731 3702 944 3797 adspiramus.
959 3701 1077 3794 Neque
1093 3699 1161 3770 ullu

90 3811 126 3877 in
142 3833 179 3878 re
193 3808 299 3903 magis
312 3809 488 3901 antiquitas
501 3801 630 3903 praeivit
647 3811 753 3878 nobis.
766 3812 818 3877 De
833 3807 1034 3876 Auctoribus
1048 3821 1160 3876 autum

89 3915 257 3996 Cornicis,
271 3928 346 3984 uter
364 3914 481 3984 melius
491 3914 641 4008 judicare
656 3915 820 4010 potuerit;
832 3913 903 3982 isne
923 3914 979 4007 qui
993 3926 1090 3982 aetate
1107 3910 1161 3980 illa

90 4021 192 4108 vixit,
207 4043 271 4114 qua
284 4021 327 4090 ad
340 4045 508 4090 summum
524 4020 655 4092 culmen
673 4023 780 4118 poesis
804 4021 968 4115 pervenit,
983 4021 1038 4113 qui
1060 4019 1161 4088 Poeta

932 4139 978 4217 hl
