3026 4862
415 389 593 462 HEAUT.
619 393 727 464 ACT.
755 394 840 478 ΙΙΙ,
865 394 931 465 SC.
959 396 985 464 Ι.
1158 395 1232 470 383

166 520 278 620 Vicini
298 521 403 591 nostri
421 522 478 593 hio
496 524 669 620 ambigunt
691 524 732 594 de
754 523 888 596 finibus.

166 630 225 697 Me
246 653 364 724 cepere
384 628 556 700 arbitrum.
576 631 639 700 lho
660 656 700 700 ao
720 631 847 719 dicam,
865 649 903 703 ut
921 633 1067 704 dixeram
1105 657 1108 666 ·
1195 669 1233 709 ε..

168 736 314 829 Operam
336 734 492 806 daturum
511 761 585 822 me,
600 735 699 806 hodie
715 762 785 807 uon
806 764 902 834 posse
921 741 960 809 iis
981 739 1071 810 dare.

168 843 336 910 Continuo
358 841 413 913 hic
432 842 543 914 adero.
562 845 658 916 Mart.
678 847 730 913 lta
749 869 869 939 quaeso.
889 847 934 915 Di
950 862 1097 916 vostram
1115 847 1231 920 fidem!

166 950 217 1016 lta
237 964 463 1044 comparatam
481 973 552 1020 esse
568 950 742 1020 hominum
765 964 919 1022 naturam
941 955 1110 1044 omnium,

166 1052 282 1124 Aliena
300 1069 340 1124 ut
361 1054 477 1126 melius
495 1057 629 1127 videant
648 1056 897 1152 adjudicent,

166 1161 277 1249 Quam
295 1157 371 1232 sua!
395 1164 448 1232 An
468 1188 508 1233 eo
530 1163 589 1248 fit,
606 1164 682 1258 quia
700 1165 734 1232 in
756 1187 792 1233 re
814 1179 929 1235 nostra
945 1182 1003 1237 aut
1021 1166 1142 1262 gaudio
1195 1196 1232 1234 aa

165 1268 285 1338 Sumus
304 1269 475 1365 praepediti
492 1271 614 1356 nimio,
630 1284 687 1339 aut
704 1269 920 1366 aegritudine?

166 1375 231 1444 Hic
246 1375 327 1474 mihi
344 1391 468 1470 quanto
487 1401 578 1447 nunc
596 1375 670 1474 plus
690 1380 792 1473 sapit,
808 1403 908 1473 qnam
927 1394 1060 1474 egomet
1078 1379 1180 1452 mihi?

165 1481 256 1551 Cna.
278 1481 422 1552 Dissolvi
444 1509 512 1572 me,
531 1485 655 1555 otiosus
675 1509 811 1580 operam
834 1500 871 1554 nt
893 1485 953 1556 tibi
974 1485 1098 1558 darem.

209 1670 275 1734 499.
294 1663 353 1718 Hic.
365 1665 444 1720 Both.
455 1666 564 1720 dica-
574 1665 680 1738 Defini·
722 1665 764 1720 fic.
778 1685 812 1736 93
832 1666 905 1721 Laut.
921 1667 1005 1722 Firm.
1018 1667 1054 1722 de
1066 1669 1122 1723 tata.
1137 1687 1191 1744 sap.
1205 1677 1232 1735 4.

166 1743 218 1796 bus.
237 1747 275 1798 De
286 1745 405 1801 terminis
418 1765 541 1818 agrorum
557 1765 678 1800 auorum.
722 1744 884 1800 Menander:
906 1743 996 1808 otto<
1008 1751 1048 1802 ta‘
1058 1751 1132 1802 αὐτοῦ
1144 1752 1177 1804 τά
1188 1771 1234 1805 κα-

209 1825 274 1879 500.
288 1824 388 1890 Dicam,
399 1827 596 1882 utdixeromete.
607 1826 680 1882 Con·
720 1825 754 1880 κὰ
765 1830 870 1897 συνορᾷ,
883 1827 1015 1898 Πάμφιλε,
1032 1835 1132 1900 Σαφῶς,
1151 1832 1232 1902 iripou

167 1915 256 1958 aune:
277 1906 325 1959 die.
348 1926 385 1958 me
404 1907 475 1958 hodie
496 1926 544 1959 noa
564 1925 630 1977 poss.
648 1909 679 1959 tis
720 1901 748 1962 δ’
762 1907 1064 2040 tqapovoaveoctqqraa

165 1984 224 2036 dare
235 2005 274 2056 op.
283 1985 380 2058 utdiae.
390 2017 431 2030 »-
447 1986 498 2053 Ut,
512 1986 589 2040 sicut.
762 1986 826 2039 505.
839 1987 884 2040 Aa
897 1985 975 2054 eofit.
1015 1989 1078 2041 ueli.
1093 2006 1123 2051 1,
1140 1989 1171 2054 3,
1185 1991 1230 2042 doe

208 2064 329 2118 touta.
342 2063 677 2120 SiedantBr.Perl.Bent.
720 2079 832 2137 posteo.
852 2097 894 2108 -
912 2068 944 2119 Ia
965 2087 990 2118 re
1006 2079 1096 2122 nostru.
1115 2071 1232 2140 Reponit

167 2144 196 2196 Z.
209 2143 288 2196 Both.
302 2143 429 2198 Dantulii
443 2145 489 2199 tis.
510 2176 551 2188 -
572 2146 679 2216 Operum
720 2146 797 2200 Bent.
810 2148 948 2200 minnota
961 2177 1002 2188 —
1016 2147 1074 2210 Eo,
1089 2148 1124 2201 ob
1138 2147 1230 2213 id,ee.

166 2223 278 2276 dotorum
299 2237 343 2276 m'e.
373 2225 485 2294 Proprie
508 2239 603 2294 operam
620 2224 678 2278 dore
720 2225 798 2296 quia,
814 2238 865 2279 etc.
890 2228 978 2279 -Ia
995 2247 1021 2278 re
1041 2240 1141 2292 nostro,
1157 2228 1186 2282 in
1201 2247 1231 2282 re

166 2300 292 2356 dicuutur
313 2300 414 2376 judiees
439 2304 481 2356 vel
503 2303 606 2373 arbitri,
631 2306 678 2375 qni
719 2303 792 2376 quod
806 2304 840 2358 ad
853 2324 903 2358 noa
914 2305 1016 2359 attinet.

164 2380 276 2436 audiunt
292 2381 326 2436 de
345 2383 525 2437 connoaersia
539 2382 678 2455 disputan·
762 2383 825 2438 506.
838 2385 891 2437 Pro
901 2389 993 2451 nimio,
1009 2384 1082 2458 quod
1095 2387 1145 2458 ipsi
1158 2386 1231 2442 vide·

164 2475 213 2515 tea.
233 2465 258 2516 It
268 2459 305 2514 id.
319 2462 375 2518 Cio.
386 2464 447 2517 Div.
457 2463 528 2530 VM,
547 2471 597 2529 24:
614 2465 678 2518 «Di-
721 2475 766 2517 tur
784 2465 956 2535 ambignum,
971 2466 1049 2520 Both.
1068 2469 1174 2521 nimiam.
1197 2500 1226 2512 -

164 2540 204 2594 xit
218 2541 334 2613 judicem
348 2543 400 2597 sibi
410 2562 519 2615 opemm
532 2542 600 2598 dare
614 2562 678 2598 con·
722 2543 1015 2616 Proepediti.1mpediti,
1031 2546 1074 2598 vel
1087 2560 1229 2618 antequam

162 2621 285 2676 stituisse.
295 2647 306 2669 ι
330 2622 399 2676 Peri.
720 2622 865 2696 quidquam
881 2623 1068 2697 inceperimus.

205 2702 273 2756 502.
299 2703 392 2756 Adero.
413 2701 567 2775 legendum
586 2717 679 2758 monet
762 2703 1229 2779 507.Qrmntoauac.SicPerl.Valp.

163 2782 250 2836 Bentl.
263 2782 356 2836 adsum
376 2815 417 2826 -
436 2785 565 2838 Continuo.
581 2783 676 2839 Statim
719 2795 747 2836 et
759 2784 857 2854 piures.
866 2783 1005 2838 collocant
1014 2784 1060 2837 Br.
1071 2785 1132 2856 Bip.
1146 2787 1227 2841 Both.

162 2879 194 2914 ao
212 2859 281 2914 illud
300 2860 405 2916 duobus
420 2863 512 2917 vicinia
523 2862 624 2918 dixero.
636 2893 676 2908 -
718 2863 792 2916 Nemo
805 2883 831 2936 q.
843 2896 885 2906 -
898 2863 964 2930 Hie,
978 2865 1229 2931 Chremes—Mtte,

163 2941 219 3004 Ito,
235 2961 324 3014 queso.
341 2941 384 2996 sic
398 2942 491 3008 tactas,
501 2962 576 3015 rogo.
717 2943 747 2996 in
761 2961 872 3020 remea.

207 3019 271 3076 503.
292 3021 341 3073 Ito.
360 3021 420 3074 Lib.
440 3023 524 3094 antiq.
552 3024 618 3076 Itan.
634 3038 675 3052 ····
761 3023 826 3080 508.
843 3023 950 3076 Otiosas.
960 3025 992 3077 Ι..
1002 3023 1086 3094 antiq.
1097 3027 1170 3078 oetan.
1188 3057 1229 3069 -

166 3099 336 3172 Comparotam
349 3121 398 3153 etse
409 3103 471 3156 hom.
481 3115 532 3156 etc.
545 3102 675 3176 Guyetue,
721 3103 827 3174 Operum
843 3113 870 3156 ut
884 3104 929 3158 abt
940 3103 1032 3156 dorem.
1047 3105 1183 3170 Deeieria,
1201 3120 1227 3160 et

163 3183 204 3235 Ito
217 3180 387 3252 Compomtum
398 3201 419 3233 e.
431 3182 454 3234 Ιι.
465 3193 553 3234 aetum
563 3203 626 3236 omn.
634 3214 675 3228 -·-
718 3183 777 3255 Bip.
799 3195 859 3255 poet
872 3202 929 3237 eam
940 3223 948 3250 ,
962 3203 1058 3254 operam
1071 3196 1099 3236 ut
1115 3185 1170 3238 dure
1181 3185 1227 3238 da·

162 3261 203 3314 Ito
218 3261 388 3332 Comparutam
405 3281 454 3314 esse
467 3274 517 3315 ete.
536 3266 622 3334 Auget
631 3266 676 3336 jn·
718 3281 779 3327 rem,
796 3263 870 3333 quasi
885 3262 920 3316 de
934 3262 1108 3325 Menedemo,
1124 3283 1179 3318 non
1193 3264 1227 3319 ad

162 3339 325 3395 eunditatem
338 3341 418 3412 hujus
430 3342 537 3414 ῥήοιως,
554 3339 627 3414 quod
645 3344 674 3396 in
717 3341 916 3396 Menedemum.
932 3343 994 3396 Non
1010 3355 1091 3396 recte.
1106 3343 1229 3416 Namque

162 3434 305 3494 utrumque
319 3438 407 3474 senem
423 3421 538 3474 invicem
550 3419 671 3493 quadrat,
717 3423 845 3477 Chremes
866 3433 955 3476 exacto
978 3422 1100 3493 negotio,
1120 3421 1227 3496 dequo

161 3502 229 3555 sicut
241 3501 375 3575 principio
388 3516 461 3556 actas
475 3501 570 3555 ultimi.
587 3501 673 3556 Simul
717 3521 806 3556 coram
827 3501 987 3554 Menedemo
1006 3501 1041 3554 ad
1056 3521 1162 3555 aereum
1185 3523 1229 3557 ue·

162 3595 189 3635 et
201 3599 231 3635 ea
245 3599 287 3636 ree
301 3581 478 3635 exhibebitur.
496 3581 573 3633 Boeel.
717 3600 769 3654 que
794 3581 844 3634 502
865 3578 984 3643 dixerat,
999 3581 1044 3634 hie
1055 3579 1138 3636 redit.
1156 3584 1227 3637 Reli·

203 3660 269 3726 504.
290 3661 325 3714 Ut
336 3662 419 3714 melias
427 3661 480 3720 oid.
494 3660 539 3714 Fa.
554 3661 637 3714 melita
647 3674 675 3714 ut
717 3673 810 3734 querat
821 3661 901 3733 igitur
910 3658 1101 3714 Menedemum
1113 3661 1141 3715 ia
1151 3682 1228 3720 scena

162 3752 212 3794 eto.
222 3771 264 3785 -
274 3741 423 3811 Dtjudieeat.
437 3741 488 3796 Ma.
503 3753 529 3794 et
537 3739 603 3794 editi
613 3741 673 3813 qui·
717 3742 818 3805 solum,
832 3741 881 3813 qui
891 3741 990 3794 interea
1001 3759 1088 3793 secum
1098 3741 1227 3813 loquitur,

162 3817 223 3873 dam
235 3838 296 3873 cum
310 3821 402 3893 Calph.
414 3833 440 3874 et
453 3822 499 3876 Ba.
505 3821 673 3891 judicent-
716 3841 775 3894 quae
794 3819 858 3874 inde
872 3839 887 3874 a
903 3839 980 3873 versu
996 3818 1065 3878 502,
1080 3834 1227 3892 aequantur

161 3901 251 3953 Aliena
261 3913 288 3952 at
298 3901 380 3953 melios
389 3901 489 3954 videant
502 3915 554 3955 ete.
565 3901 673 3955 Senten-
716 3901 750 3955 ad
759 3919 827 3955 vera.
835 3918 895 3971 usq.
908 3900 975 3971 507,
983 3901 1144 3955 continuate.
1153 3903 1224 3956 Tum

161 3980 388 4050 tiavulqarisest3
402 3981 440 4034 uti
455 3981 670 4052 ap.Phsedr.IV,
715 3981 786 4037 redit
810 3979 954 4047 Chremes,
976 3992 1003 4035 et
1026 3981 1123 4052 excipit
1149 3982 1224 4036 filum

165 4075 214 4126 ιο,
229 4059 285 4114 cic.
298 4061 378 4114 Tuae.
390 4061 431 4126 ΙΙ,
445 4062 504 4127 ΙΙΙ,
522 4062 572 4130 3ο,
584 4076 609 4117 et
621 4061 671 4116 ot·
716 4061 856 4131 orationis,
872 4079 953 4134 quam
967 4079 1045 4117 verau
1060 4067 1126 4132 497.
1141 4063 1228 4118 verbis
