2926 4858
263 367 350 416 cxxx
626 341 695 410 DE
721 337 979 409 THEATRO.

261 495 325 540 vox
335 464 618 562 impediretur,ita
631 465 806 558 compositi
816 477 913 533 erant
924 459 1059 557 gradm,
1070 474 1109 532 ut
1122 459 1223 550 linea,
1229 487 1334 558 quum

261 581 305 650 ad
325 581 431 648 imum
454 574 596 671 gradum
621 589 654 643 et
677 573 721 643 ad
747 599 917 644 summum
939 585 1075 642 extenta
1098 587 1203 660 esset,
1221 579 1336 646 omnia

263 689 438 760 cacumina
462 683 629 780 graduum
654 683 863 778 angulosque
880 696 1043 777 tangeret.
1063 684 1193 776 Atque,
1211 699 1251 757 ut
1271 711 1337 754 vox

262 815 414 871 actorum
429 796 563 866 suavior
580 809 613 863 et
632 793 805 864 delicatior
823 793 1067 888 spectatoribus
1079 783 1263 882 videretur,
1277 821 1337 866 an·

263 911 349 1006 tiqui
367 912 563 979 Graecorum
577 905 721 976 artifices
736 906 825 974 inter
837 904 931 975 sedes
945 905 1068 974 theatri
1085 903 1194 975 Cellas
1208 908 1336 976 consti·

264 1033 401 1090 tucrum
416 1017 545 1087 ratione
557 1015 701 1099 musica,
720 1014 755 1084 in
775 1016 898 1111 quibus
912 1039 988 1085 vasa
1003 1040 1111 1101 aenea,
1127 1039 1190 1109 pro
1205 1018 1337 1088 ratione

264 1127 505 1228 magnitudinis
518 1125 655 1198 Theatri
674 1125 779 1214 facta,
796 1123 1069 1212 collocabantur;
1084 1150 1158 1218 quae
1172 1127 1218 1196 ita
1234 1127 1339 1197 fabri·

265 1259 339 1314 cata
353 1254 466 1325 erant,
475 1251 530 1324 ut,
542 1261 647 1330 quum
662 1250 908 1331 tangerentura
920 1259 1019 1321 voce,
1029 1235 1176 1306 sonitum
1189 1235 1339 1306 facerent

265 1358 355 1426 inter
372 1375 416 1421 se.
430 1353 548 1442 quue
559 1345 703 1416 artificio
720 1344 882 1415 collocata
901 1344 1054 1431 fuerunt,
1072 1360 1111 1414 ut
1128 1343 1259 1414 nullum
1278 1371 1340 1441 pa-

265 1471 383 1540 rietem
407 1475 598 1558 tangerent,
617 1461 773 1555 circaque
795 1451 959 1529 haberent
979 1457 1090 1528 locum
1116 1483 1281 1548 vacuum,
1304 1477 1341 1530 et

268 1601 400 1649 summo
410 1574 528 1667 capite
550 1571 714 1666 spatium,
737 1571 1016 1664 ponebanturque
1034 1584 1067 1638 et
1086 1593 1247 1664 suspensa
1265 1596 1340 1640 cer·

265 1688 435 1760 nebantur
454 1707 512 1751 ore
530 1681 662 1768 declivi,
680 1680 770 1749 utin
792 1681 832 1750 iis
851 1705 916 1749 vox
929 1695 1082 1750 actorum
1101 1680 1249 1774 ingressa
1263 1681 1342 1750 har-

266 1797 415 1869 moniam
436 1791 598 1875 efficeret,
616 1805 651 1859 et
668 1791 808 1883 gratiam
828 1789 1006 1884 quamdam
1025 1789 1161 1860 afferret
1175 1805 1341 1885 spectato-

268 1910 379 1996 ribus,
397 1921 501 2000 utque
515 1899 685 1973 intellectu
703 1899 833 1969 facilior
850 1916 947 1970 esset.
960 1899 1041 1971 Tale
1059 1899 1219 1996 quiddam
1238 1902 1342 1972 audio

269 2018 379 2090 adhuc
393 2015 494 2085 hodie
513 2027 643 2083 exstare
657 2012 692 2080 in
708 2010 910 2106 quibusdam
932 2010 1064 2106 templis
1078 2013 1245 2106 antiquis,
1265 2039 1343 2108 quae

269 2153 363 2201 nunc
380 2149 515 2221 quoque
529 2137 710 2219 supersunt
729 2123 873 2217 integra,
887 2122 979 2216 apud
998 2123 1345 2218 nostrae'tempestatis

268 2245 415 2313 Graecos.
427 2241 468 2306 In
480 2257 623 2329 quorum
638 2232 765 2304 fornice
777 2231 936 2304 inferiore
950 2249 1051 2327 atque
1065 2236 1235 2328 superiore
1250 2236 1345 2306 varia

270 2365 350 2424 sunt
366 2347 530 2419 foramine
547 2341 626 2412 hinc
645 2343 721 2411 inde
740 2367 936 2438 cvmspersa,
947 2367 994 2412 ao
1008 2343 1073 2412 sibi
1094 2341 1197 2413 veluti
1213 2370 1254 2414 ex
1269 2345 1344 2414 dia·

269 2478 377 2536 metro
396 2458 438 2528 ab
461 2479 530 2524 uno
548 2451 589 2521 ad
608 2451 700 2521 aliud
720 2451 806 2522 latus
823 2452 1135 2547 correspondentia,
1158 2454 1193 2522 in
1219 2454 1345 2548 quibus

271 2599 350 2646 vasa
367 2591 459 2641 aenca
475 2565 619 2659 impacta
632 2575 727 2648 sunt,
745 2587 889 2656 quorum
907 2588 944 2632 os
961 2561 1076 2658 (quod
1092 2565 1266 2657 angustius
1280 2580 1344 2652 est,

272 2709 374 2784 quam
393 2681 464 2775 ipse
476 2675 617 2769 venter)
633 2688 765 2742 tantum
780 2673 925 2742 exterius
940 2675 1050 2768 patet,
1066 2699 1135 2743 nou
1150 2675 1251 2744 etiam
1265 2699 1348 2769 pro·

272 2799 387 2868 minet.
409 2795 451 2866 In
470 2811 509 2857 ea
525 2809 620 2873 vasa,
637 2808 703 2853 vox
724 2783 759 2852 in
778 2781 908 2877 templo
924 2785 1118 2853 canentium
1139 2782 1268 2852 inclusa
1291 2785 1347 2852 in-

272 2902 463 2981 credibilem
485 2897 590 2968 efficit
612 2893 841 2982 harmoniam,
868 2917 1034 2987 sonosque
1053 2893 1346 2981 distinctissimos,

274 3037 309 3092 et
328 3011 510 3088 admodum
532 3021 660 3104 gratos,
682 3019 783 3100 atque
796 3003 915 3074 auditu
929 3001 1050 3073 faciles.
1062 3001 1130 3074 Sed
1148 3002 1182 3070 in
1205 3002 1347 3072 theatris

271 3155 349 3204 vasa
368 3123 524 3218 resupina
539 3116 838 3214 suspendebantur.
848 3113 928 3183 Tale
943 3113 1026 3208 quid
1043 3127 1155 3182 autem
1166 3116 1284 3183 Romae
1297 3113 1347 3181 fa-

273 3259 366 3318 ctum
384 3235 486 3306 suisse
501 3232 570 3302 suis
580 3227 788 3324 temporibus
798 3239 900 3320 negat
909 3223 1104 3310 Vitruvius,
1117 3222 1175 3293 sed
1186 3224 1224 3292 ia
1239 3222 1346 3292 ltalia

273 3348 467 3450 regionibus
480 3357 514 3412 et
527 3341 563 3410 in
578 3338 731 3434 pluribus
745 3339 939 3406 Graecorum
952 3333 1154 3404 civitatibus.
1163 3333 1266 3404 Unde
1276 3338 1347 3404 Lu-

274 3466 346 3537 cius
367 3455 554 3530 Mummius
572 3451 685 3519 diruto
707 3446 962 3519 Corinthiorum
988 3444 1135 3516 Theatra
1157 3444 1229 3541 ejus
1253 3469 1348 3515 aenea

274 3599 354 3644 vasa
375 3575 518 3641 Romam
543 3563 741 3659 deportavit.
766 3558 870 3632 Multi
893 3557 994 3627 etiam
1014 3556 1205 3641 architecti,
1229 3555 1287 3650 qui
1309 3555 1347 3624 in

273 3679 407 3781 oppidis
422 3704 492 3748 non
511 3674 642 3772 magnis
663 3673 809 3742 Theatra
825 3682 1101 3755 construxerunt,
1122 3681 1261 3764 propter
1271 3667 1348 3734 oeris

190 3779 195 3794 ’
272 3792 440 3889 inopiam,
455 3786 613 3858 fictilibus
626 3783 725 3852 doliis
742 3782 788 3850 ite
801 3779 999 3852 sonantibus
1013 3778 1144 3866 clectis,
1164 3779 1228 3848 hac
1243 3777 1348 3846 ratio·

273 3903 442 3978 cinctione
456 3896 667 3992 compositis,
680 3895 732 3964 usi
750 3907 838 3965 sunt.
854 3893 1073 3986 Quapropter
1090 3889 1217 3961 Plinius
1232 3888 1296 3976 ait,
1311 3888 1347 3958 in

273 4013 426 4088 Theatris
436 4033 549 4080 vocem
559 4008 685 4101 optime
695 4029 829 4076 currere
841 4005 875 4073 in
885 4002 983 4074 doliis
995 4001 1160 4072 inanibus.
1173 4005 1212 4071 ln
1229 3998 1347 4096 ligneis
