2926 4858
271 407 366 456 extu
552 383 745 454 PERLETI
774 382 1074 454 DISSERTATIO

269 533 308 588 ut
325 515 414 612 apud
432 517 591 604 Accium,
605 517 666 585 An
684 514 840 607 liacjam
857 514 957 586 obtat
967 530 1049 586 sunt
1060 515 1244 610 Pluygesi'
1256 517 1346 613 apud

269 625 485 710 Terentium,
513 625 712 694 Duorucbr
745 627 863 693 animc'.
893 624 982 692 Huic
1019 621 1185 710 addatur,
1217 623 1343 695 Occidi.

268 729 383 801 Talem
403 730 506 800 habet
525 728 702 824 Virgilius,
719 731 793 798 AEn.
810 732 860 816 X,
878 729 975 826 728:
995 757 1013 793 α
1026 730 1098 799 Ora
1115 754 1226 800 cruor.
1243 760 1262 796 s
1275 732 1346 800 Cea·

272 852 380 907 terum
400 836 442 907 de
464 835 617 908 clausulis
635 836 701 906 boe
719 860 788 904 uno
807 837 911 905 verbo
932 833 1051 906 dixisse
1072 835 1216 906 sufficiat
1230 837 1285 906 :Si
1301 836 1345 906 ab

270 946 317 1014 eis
341 946 474 1014 initium
496 946 557 1032 sit,
581 941 694 1010 libane
713 957 791 1011 sunt
811 957 845 1011 et
871 940 994 1012 nullius
1018 944 1116 1012 metri
1137 941 1265 1037 legibus
1286 941 1343 1010 ad·

269 1051 392 1120 stricta
406 1077 414 1119 :
430 1053 464 1121 Si
489 1049 685 1120 senteutiam
711 1047 888 1136 claudunt,
907 1073 928 1119 a
945 1047 1208 1145 precedentibus
1237 1048 1344 1145 legem

269 1158 447 1253 accipiunt.
841 1155 843 1168 '

324 1283 359 1376 S.
373 1313 429 1360 ro.
447 1287 520 1359 Nec
533 1285 654 1357 desunt
675 1289 912 1360 catalecticiet
930 1289 1152 1360 acatalecttcc‘
1162 1288 1344 1376 versus,de

244 1447 247 1456 ,
267 1397 387 1494 quibus
400 1395 605 1466 Priscianum
620 1419 660 1465 ac
678 1394 878 1466 Diomedem
893 1396 979 1466 vide.
995 1395 1216 1466 Catalecticus
1232 1409 1344 1465 autem

268 1527 385 1572 versus
406 1503 551 1590 dicitur,
571 1505 625 1572 cui
653 1499 778 1598 syllaba
799 1503 911 1588 deest3
934 1501 1121 1596 cujusmodi
1143 1505 1230 1572 inter
1263 1501 1344 1572 alios

266 1611 354 1679 Eun.
376 1635 424 1679 vs.
448 1610 535 1706 287,
554 1611 628 1703 qui,
642 1611 670 1678 si
689 1607 818 1678 Faerno
839 1623 976 1679 auctore
998 1625 1111 1681 curset
1129 1608 1259 1706 legatur
1281 1634 1345 1704 pro

265 1721 424 1795 cursitet,
440 1717 482 1785 sit
496 1714 718 1786 catalecticus.
739 1714 978 1786 acatalecticus
997 1719 1190 1786 nominatur
1209 1739 1344 1802 versus,

266 1825 321 1892 cui
338 1821 421 1892 nihil
442 1820 534 1892 deest
548 1824 583 1892 in
600 1821 690 1910 fine3
711 1847 742 1891 v.
764 1824 920 1892 Priscian.

319 1949 356 2041 S.
381 1979 438 2026 11.
457 1983 475 2020 α
489 1957 543 2025 De
563 1959 721 2027 Licentia
745 1979 961 2026 romanorum
985 1955 1205 2050 Tragicorum
1229 1955 1342 2024 Comi·

266 2086 449 2158 corumque
464 2060 564 2158 paulo
578 2061 809 2132 inclementius
821 2061 967 2158 loquitur
980 2062 1154 2149 Horatius,
1163 2063 1202 2130 A.
1214 2063 1251 2129 Ρ.
1267 2057 1316 2132 25
1321 2057 1341 2132 5

266 2172 405 2268 —274
419 2168 571 2240 Candide
587 2172 693 2266 magis
707 2169 749 2240 de
763 2171 803 2240 iis
811 2169 939 2264 judicat
949 2169 1169 2238 Terentianus
1182 2169 1340 2237 Maurus:

387 2353 531 2433 culpatur
542 2367 640 2413 autem
654 2373 755 2414 versus
771 2355 802 2413 in
817 2353 980 2432 tragoediis,

386 2455 425 2511 Et
435 2469 520 2510 rarus
531 2451 621 2509 intrat
631 2471 668 2510 ex
678 2451 781 2536 iambis
794 2452 931 2512 omnibus
943 2475 950 2510 :

387 2552 429 2608 Ut
441 2549 490 2607 ille
503 2561 618 2618 contra,
633 2550 684 2628 qui
696 2549 825 2609 secundo
837 2563 867 2608 et
881 2549 988 2610 talibus

387 2645 547 2724 Spondeou
563 2659 613 2706 aut
626 2667 713 2726 quem
729 2667 893 2724 comparem
907 2646 1060 2726 receperit.

388 2742 447 2804 sed
463 2743 515 2821 qui
526 2742 675 2822 pedestres
687 2743 800 2804 fabulas
812 2765 895 2802 socco
905 2758 1058 2824 premunt,

386 2845 429 2900 Ut
444 2861 513 2916 quoe
525 2845 685 2918 loquuntur
695 2854 811 2918 sumpta
827 2844 865 2898 de
878 2845 943 2900 vita
954 2855 1054 2922 putes,
1116 2893 1119 2900 ,

386 2935 498 2995 vitiant
509 2937 627 2996 iambon
645 2937 785 2998 tractibus
800 2937 981 3018 spondaicis,

387 3039 425 3093 Et
436 3035 466 3092 iu
478 3037 606 3095 secundo
617 3049 647 3096 et
659 3037 769 3096 caeteris
781 3057 863 3116 aeque
875 3036 965 3096 locis:

391 3130 550 3211 Fidemque
562 3134 636 3192 lictis
648 3132 717 3191 dnm
727 3145 889 3212 procurant
902 3131 1022 3204 fabulis,

389 3231 424 3288 In
440 3243 533 3288 metra
544 3245 682 3309 peccant,
694 3245 769 3302 arte,
781 3249 840 3288 non
853 3230 983 3288 inscitia:

389 3333 434 3386 Ne
444 3328 502 3385 sint
512 3327 626 3386 bouora
637 3326 726 3384 verba
740 3326 971 3400 consuetudinis,

387 3423 569 3500 Paulumque
584 3442 713 3482 rursusa
728 3422 830 3480 solutis
844 3421 991 3482 differant.

388 3520 482 3598 Magis
496 3520 546 3577 illa
559 3518 660 3580 Nostri
673 3541 680 3576 :
693 3539 760 3578 nam
773 3520 833 3578 fere
847 3517 956 3580 Grecis
969 3532 1055 3581 tenax

366 3667 369 3674 .
388 3622 466 3676 Cum
477 3632 522 3676 est
532 3615 636 3688 iambi,
650 3617 697 3676 vel
715 3618 836 3676 novellis
852 3618 991 3690 Cornicis,

387 3716 441 3772 Vel
455 3715 507 3792 qui
520 3727 633 3772 vetusta
647 3715 808 3793 praelucent
820 3715 978 3776 Comoedia.

322 3903 357 3992 S.
385 3933 433 3972 ta.
452 3904 553 3994 Quod
579 3907 681 4000 igitur
699 3908 733 3974 in
752 3909 877 3976 Graecis
894 3921 929 3976 et
946 3909 1074 3978 Latinis
1095 3906 1232 3978 Flaccus
1253 3911 1343 3979 vitu·

270 4028 381 4110 perat,
399 4027 433 4080 et
452 4014 487 4079 in
506 4014 651 4082 Cornicis
673 4028 808 4082 excusat
829 4017 984 4105 Maurus,
1007 4015 1040 4084 id
1060 4012 1186 4108 Anglus
1209 4015 1342 4104 studet,
