2928 4856
207 351 209 356 ’
268 397 339 481 184
500 396 670 466 aunan
698 393 940 468 annuntii
969 394 1086 463 arnt

263 530 383 596 Verbis
404 549 489 622 saepe
511 531 544 595 in
566 554 600 596 se
619 544 839 612 transmovet,
855 531 911 623 qui
930 527 1030 595 habet
1048 526 1167 611 salem,
1291 559 1333 600 i...

266 633 366 722 Quod
385 637 418 701 in
446 648 478 702 te
497 645 554 703 est.
579 637 666 702 Trita
693 636 810 704 Habes.
835 639 879 704 G.
903 636 975 701 Rex
1001 647 1032 700 te
1056 657 1136 727 ergo
1155 633 1190 699 in
1213 628 1331 698 oculis.

421 743 508 808 Tun.
526 740 664 809 Scilicet.

266 848 309 914 G.
329 846 476 914 Gestare.
490 850 578 915 Tun.
595 849 720 914 Verum
739 874 745 913 :
762 846 896 915 eredere
916 869 1048 914 ornnem
1064 845 1265 930 exereitum,

266 953 423 1019 Consilia.
444 953 485 1020 G.
501 954 637 1020 Mirum.
647 956 734 1022 Tim.
748 955 833 1021 Tum
849 952 953 1022 sicubi
967 975 1042 1020 eum
1058 951 1189 1019 satietas

267 1058 465 1141 Hominum,
484 1072 542 1125 out
557 1061 668 1151 negoti
686 1058 862 1153 siquando
880 1057 991 1126 odium
1009 1071 1157 1151 ceperat,

268 1165 486 1255 Requiescere
499 1164 556 1232 ubi
577 1163 725 1248 volebat,
740 1167 851 1258 quasi.
868 1213 877 1228 .
895 1155 1052 1231 .nostin’?
1066 1163 1107 1230 G.
1126 1162 1225 1230 Scio:
1295 1185 1336 1232 tas

270 1363 300 1396 ca
310 1360 387 1395 suum
397 1341 431 1396 ad
441 1343 521 1398 decus
528 1346 678 1410 traherent3
689 1363 781 1398 revera
822 1363 901 1415 supra
923 1344 1025 1398 dietu'm
1044 1357 1095 1397 est:
1106 1363 1149 1395 ree
1166 1355 1189 1394 te
1206 1359 1266 1410 ergo
1283 1353 1336 1394 ete.

271 1423 323 1475 hoc
337 1423 375 1490 cit
385 1440 391 1474 :
403 1422 540 1477 Gloriosus
554 1426 679 1478 homines
690 1437 717 1476 et
728 1427 782 1477 ine·
822 1425 867 1478 hic
878 1423 1043 1478 subaudiunt
1053 1425 1095 1476 vel
1106 1423 1194 1474 tatere
1206 1421 1247 1473 vel
1257 1422 1337 1488 serre.

270 1502 783 1575 ptosalienilahorisgioriammagnificis
824 1505 919 1558 Faern.

272 1582 362 1634 verbis
383 1581 551 1652 impudenter
568 1583 617 1634 sibi
634 1583 779 1637 vindicare.
869 1584 934 1646 403.
958 1583 1076 1635 comitto.
1103 1583 1148 1634 nr.
1173 1594 1197 1632 et
1215 1599 1280 1632 cons.
1298 1607 1340 1623 --

274 1661 342 1714 Satis
368 1674 454 1714 autem
470 1675 574 1732 poterat
590 1664 779 1732 persentiscere
826 1663 939 1715 Serretes.
963 1662 1008 1714 sie
1029 1679 1090 1714 cum
1116 1661 1220 1713 Donato
1247 1658 1341 1730 legunt

277 1759 384 1794 sannam
398 1739 556 1805 Gnathonis,
568 1743 595 1794 ni
608 1742 696 1794 fuisset
709 1743 784 1814 lapis.
828 1744 870 1796 Br.
886 1745 975 1794 Antes.
990 1741 1071 1793 Zeun.
1086 1741 1161 1793 Bent.
1174 1740 1234 1809 Bip.
1255 1739 1340 1792 Both.

277 1821 408 1875 Baetem.
827 1822 896 1875 Peri.
915 1823 949 1874 At
971 1820 1034 1891 legit
1053 1820 1142 1892 Valpy
1160 1823 1247 1880 satias,
1265 1816 1342 1888 quod

322 1909 388 1963 too.
407 1901 437 1950 In
463 1921 488 1951 se
506 1913 654 1953 trammnvet.
677 1903 698 1953 1.
713 1915 739 1953 et
752 1902 785 1953 V.
831 1902 919 1957 West.
934 1898 999 1953 dicit
1011 1917 1066 1952 esse
1082 1899 1109 1952 in
1125 1898 1201 1952 MSS.
1216 1911 1243 1950 et
1262 1897 1343 1950 editis

282 1982 416 2046 transferet.
425 2013 466 2023 -
475 1979 557 2032 Habet
567 1982 647 2034 salem.
657 1981 735 2034 Both.
749 1981 788 2032 le·
828 1981 966 2053 probatiss.
981 1981 1060 2032 etiam
1076 1979 1242 2046 anni1469,
1263 1991 1289 2030 et
1305 1977 1341 2029 ita

281 2061 365 2131 gttsat
380 2060 457 2113 habet.
469 2077 499 2112 ex
510 2061 638 2114 Bentleio.
648 2091 687 2104 --
700 2061 789 2112 Trans·
830 2060 947 2132 flagitare
955 2059 1231 2126 metrum—Mirum,
1244 2057 1343 2110 Metius

282 2153 373 2204 movet,
385 2141 514 2194 transfert.
831 2159 880 2212 per
889 2142 1008 2212 εἰρωνιὶαν
1017 2136 1256 2209 pronuntiandum,
1265 2137 1343 2208 quasi

325 2225 388 2281 dor.
422 2220 505 2290 Quod.
525 2217 567 2274 sic
588 2237 679 2272 omnes
688 2219 789 2283 nostri,
832 2219 913 2284 dieat,
926 2220 985 2290 quis
1000 2217 1185 2272 concrederet
1202 2216 1249 2268 tali
1261 2215 1342 2268 viro?

284 2311 381 2370 preter
397 2299 754 2369 Antesignananoseanus
766 2311 792 2352 et
832 2297 993 2369 Sed'potest
1012 2298 1090 2351 etism
1115 2296 1272 2368 simpliciter
1290 2313 1342 2366 pro

284 2379 329 2430 Br.
346 2377 437 2429 volunt
451 2377 501 2448 legi
514 2383 562 2448 qui.
570 2411 608 2420 -
618 2377 707 2443 Salem
720 2378 791 2451 qnod.
833 2377 987 2432 admirantis
996 2389 1070 2449 gestu
1084 2377 1177 2447 accipi.
1191 2409 1231 2420 -
1242 2374 1341 2436 Stati,

285 2454 440 2509 Ponendum
453 2469 509 2509 erat
522 2462 564 2530 qut
577 2475 627 2528 pro
640 2457 719 2530 quod,
729 2477 792 2529 pro·
835 2460 855 2511 si
877 2455 992 2530 quando.
1007 2485 1049 2499 -
1065 2457 1171 2510 Sotiates
1181 2456 1343 2518 hominnm

286 2547 345 2607 pter
364 2537 446 2588 salem.
463 2535 516 2589 Sed
531 2550 591 2590 ante
604 2539 669 2610 quod
680 2535 793 2590 subaudi
836 2539 870 2591 ci.
883 2539 953 2591 inira
967 2555 1033 2608 97²·

288 2633 385 2666 nomen
399 2615 517 2668 neutrius
525 2616 716 2686 generissicut‚
734 2634 795 2668 cont·
879 2621 944 2680 404.
963 2616 993 2670 St
1008 2617 1103 2688 quando
1116 2617 1206 2668 odium.
1227 2613 1278 2666 Ed.
1298 2633 1342 2683 pr.

289 2693 400 2757 modum,
415 2695 509 2748 honum.
523 2719 563 2728 -
578 2696 675 2759 Habes,
699 2697 796 2750 intelli·
838 2697 868 2749 Si
877 2697 942 2769 quod
950 2700 1033 2749 otiien.
1052 2695 1129 2748 Both.
1143 2695 1348 2764 Studiumqean·

289 2775 336 2843 gis.
348 2803 386 2814 --
400 2772 512 2837 Scilicet,
523 2791 594 2828 sane.
609 2775 652 2828 sic
670 2777 796 2847 interpel·
838 2777 1041 2845 iim-Negoti,
1055 2777 1093 2828 rei
1111 2775 1239 2846 publica,
1254 2771 1347 2825 admi-

289 2854 326 2906 lat
336 2851 508 2906 Gnathonem
522 2851 684 2919 additurum,
689 2855 795 2922 serebat,
838 2856 1008 2909 nistrationis.
1036 2887 1076 2897 -·
1099 2855 1205 2918 Odiana,
1225 2851 1346 2906 tedium.

290 2931 414 3002 autquod
423 2931 590 2996 mododicit,
599 2935 719 3003 gestabat·
728 2934 796 2988 Peri.
839 2937 873 2988 ci.
885 2935 953 2987 inira
973 2953 1041 3004 971,
1052 2935 1116 2988 fleo.
1133 2941 1198 2997 aad.

333 3018 397 3074 4⁰²·
419 3011 529 3065 Gestat-e.
554 3011 641 3066 sicin
668 3014 797 3066 Bembino
882 3015 937 3076 405
957 3033 994 3085 aq.
1010 3013 1066 3066 Hos
1081 3014 1159 3067 binos
1180 3029 1272 3065 versus
1303 3011 1349 3064 fa-

292 3088 383 3144 codiee
410 3109 464 3144 esse
487 3092 601 3145 Bembus
624 3092 680 3162 ipse
700 3106 796 3146 narrat.
839 3111 938 3146 cessere
951 3095 1026 3165 jubet
1040 3093 1280 3166 Guyetus,utpote
1289 3083 1349 3142 Te·

291 3170 442 3223 Admittunt
464 3171 598 3237 Muretus,
628 3173 707 3225 Both.
727 3172 796 3227 Peri.
839 3173 925 3226 rentio
943 3171 1074 3244 indignos.
1087 3171 1176 3225 Sedet
1189 3185 1249 3243 apte
1260 3169 1350 3223 coha-

292 3251 352 3322 Btp.
369 3248 415 3302 sed
429 3252 488 3304 Par.
504 3251 585 3303 Zeun.
605 3251 684 3324 Vaip.
698 3256 795 3321 gestire.
838 3265 914 3310 rent,
926 3264 952 3304 et
959 3253 1040 3305 latine
1048 3251 1111 3305 dicti
1124 3263 1196 3316 sunt,
1205 3264 1232 3304 et
1240 3251 1350 3302 firman·

292 3331 433 3393 -Verum
445 3331 537 3382 Bemb.
547 3330 621 3395 Vero,
632 3344 724 3402 etpost
734 3349 794 3384 eum
837 3331 1119 3385 ruiaucroriutettss
1133 3344 1160 3384 et
1169 3330 1278 3384 Donati.
1286 3329 1330 3380 W
1327 3349 1350 3381 e.

294 3411 375 3464 Zeun.
387 3411 468 3482 Vnip.
487 3441 522 3452 -
547 3411 647 3463 Omnem
659 3414 793 3464 exercitum.
835 3411 934 3465 —Ubi
944 3409 1199 3481 Quando-Quasi.
1212 3443 1220 3458 ·
1233 3403 1353 3460 mortin'?

294 3489 407 3543 caetea
425 3495 637 3543 exercitantium.
650 3523 689 3532 -
702 3493 798 3543 Inocu·
842 3489 1011 3545 Gnathonem
1043 3491 1186 3561 intelligere
1221 3487 1352 3542 ridiculus

295 3572 325 3621 lis
347 3568 418 3624 Gest.
448 3571 611 3624 Translative
632 3589 647 3621 a
671 3571 798 3623 matribus
841 3571 913 3633 vult,
929 3568 1352 3642 quodipsenecintellexit,nec

295 3667 354 3720 quat
370 3651 403 3703 ab
419 3650 562 3702 infantibus
576 3649 678 3702 dilectis
690 3667 744 3701 non
756 3647 798 3701 di·
841 3644 1354 3720 dixitGrataigiturspectatoribttsstui-

295 3740 418 3781 moveant
431 3727 620 3794 oculoslnde,
633 3728 742 3780 iuocult's
753 3747 797 3800 ge·
844 3729 864 3781 ti
879 3730 969 3782 militis
981 3729 1089 3782 infantia
1103 3729 1137 3781 ab
1156 3725 1254 3782 callido
1266 3725 1354 3798 expli·

294 3821 358 3859 stare
371 3827 422 3879 pro
433 3829 514 3861 amare
527 3813 659 3879 insigniter.
674 3808 743 3861 Peri.
759 3839 798 3849 --
843 3822 918 3862 catur
931 3809 1054 3882 parasito.
1071 3807 1179 3862 Scilicet
1194 3807 1281 3861 hianti
1292 3817 1347 3858 sto·

294 3887 349 3951 Qui
372 3887 512 3942 lectionem
534 3889 630 3942 Donati
657 3885 799 3942 adndttunt
841 3887 899 3941 lido
923 3888 1002 3941 militi
1022 3888 1065 3940 vel
1088 3887 1218 3941 hesitanti
1240 3897 1354 3957 propter

292 3969 388 4035 gestire,
404 3969 635 4038 exponunt,loetum
644 3987 693 4019 esse
704 3980 798 4037 αἱμα·
841 3969 941 4040 ingenii
962 3967 1126 4032 tarditatem,
1137 3967 1247 4020 Gnatho
1261 3983 1354 4036 sugge-

293 4045 347 4100 dm
369 4065 400 4098 ex
421 4048 542 4102 convictu
561 4060 616 4101 tuo.
634 4045 715 4113 Quod
732 4067 795 4102 tero
841 4049 877 4102 rit
891 4049 1026 4102 materiem
1045 4045 1181 4118 loquendi.
1203 4047 1273 4098 Peri.
