3014 4860
238 314 313 396 dna
422 323 433 340 ·
477 312 660 380 PUBLII
687 309 945 379 TERENTII
972 299 1127 378 ΑΒΜ

237 447 279 514 se
301 468 375 512 eam
397 442 601 531 traduxisse,
622 468 663 512 ne
686 458 724 513 tu
745 443 779 513 id
799 443 1062 538 persentisceres.

240 553 329 622 Cun.
349 549 467 619 Probe.
482 553 561 622 Srn.
578 552 643 622 Dic
659 550 765 620 sodes.
784 553 874 620 Cun.
890 551 1054 636 Nimium,
1073 549 1304 642 inquamsrr.

396 659 506 727 Immo
526 660 574 728 sic
595 660 681 727 satis.
1270 697 1305 737 m

238 763 304 834 Sed
322 789 423 859 porro
441 764 606 852 ausculta,
629 764 718 859 quod
739 777 889 858 superest
910 761 1055 833 fallaciae.

241 873 320 940 Sese
340 873 410 966 ipse
427 870 516 941 dicet
537 887 629 941 tuam
652 871 770 941 vidisse
792 869 914 954 filiam,

240 978 321 1071 Ejus
340 978 402 1048 sibi
421 978 654 1074 complacitam
675 978 831 1062 formam,
856 991 1033 1072 postquam
1054 975 1259 1070 adspexerit,

240 1087 337 1154 Hane
364 1109 487 1180 cupere
512 1111 661 1160 uxorem.
688 1089 778 1156 Cur.
806 1084 956 1154 Modone
980 1109 1054 1178 quae
1082 1085 1217 1153 inventa
1239 1075 1310 1153 est?

244 1299 290 1366 Et
302 1193 796 1393 quideblliblibliboscisscm.
807 1298 1035 1388 Quamobrem
1055 1297 1151 1384 istuc,
1160 1295 1262 1390 Syre?
1274 1325 1310 1380 „s

242 1405 329 1472 Nam
349 1429 487 1498 prorsus
505 1404 587 1474 nihil
606 1400 763 1500 intelligo.
781 1408 865 1476 Srn.
880 1405 977 1491 Vah,
999 1403 1114 1473 tardus
1136 1427 1180 1472 es.

284 1665 351 1732 769.
365 1663 520 1717 Trodurisse.
535 1665 579 1719 sic
590 1665 676 1718 Bentl.
684 1665 757 1736 vulg.
841 1663 909 1735 773.
921 1663 1054 1734 Postquam
1064 1662 1210 1734 adspensi-u.
1223 1661 1313 1716 Gemi·

244 1759 321 1794 secum
342 1743 481 1798 adduces«.
498 1777 539 1790 —-
558 1745 706 1798 deawrssrse
727 1746 758 1797 in
800 1745 876 1797 navit
899 1743 1072 1809 sententiam,
1089 1755 1119 1795 ut
1140 1743 1181 1795 vis
1197 1742 1314 1814 pulchri·

243 1820 313 1876 ades
327 1822 487 1878 Menedemi.
801 1822 905 1877 tudinis
913 1841 1002 1877 amare
1013 1823 1132 1894 cogentis
1143 1823 1315 1895 exprimatur.

286 1903 760 1976 770.1mmostesam.Borh.disung.
802 1905 933 1958 Bosclerus.

246 1984 323 2036 Immo
333 1988 368 2036 sic
375 1988 469 2046 ‚·satis.
480 1985 572 2038 Plures
585 1985 728 2051 alii‚immo
739 1987 761 2036 si
844 1991 910 2056 774.
934 1983 1008 2035 Harsa
1026 2003 1111 2053 cupere
1132 2001 1239 2035 morem.
1257 1982 1314 2035 Lib.

248 2066 318 2116 scias.
343 2095 384 2105 -
405 2065 456 2116 Dic
479 2066 557 2117 sodes.
584 2066 659 2118 «Dic
682 2083 761 2132 vere,
803 2067 1141 2134 antbanrsecupmson-
1150 2061 1314 2114 Eumblark.

247 2143 354 2198 amabo.
365 2169 376 2190 ι
393 2144 519 2197 Formula
534 2163 587 2217 qua
602 2145 761 2216 postulatur,
803 2166 844 2199 ea.
856 2175 897 2190 ·-·
909 2145 1017 2198 Modone
1032 2163 1085 2215 quoe
1099 2146 1194 2196 r'rseenta
1206 2137 1260 2194 est?
1269 2143 1315 2195 Di·

247 2236 280 2278 ut
296 2229 361 2278 alter
371 2224 454 2297 magis
466 2223 563 2279 diserte
581 2238 608 2278 et
624 2225 696 2278 bonu
708 2222 761 2278 fide
803 2223 876 2279 eisne
884 2243 941 2278 eam
949 2242 1030 2296 quarn
1039 2223 1120 2296 paulo
1130 2234 1315 2276 antenostram

248 2304 406 2357 sententiam
423 2323 496 2358 suam
509 2304 586 2358 diost.
605 2306 649 2360 W
646 2305 760 2358 esterbou.
804 2324 859 2358 esse
871 2305 1028 2377 reperimus.

249 2413 291 2428 -
302 2385 428 2448 Nimiam,
440 2389 544 2456 mquam.
556 2386 688 2458 Perquam
698 2403 762 2456 pro·
845 2385 912 2456 775.
929 2386 968 2437 Et
981 2383 1085 2456 quidem.
1107 2382 1180 2435 Alias
1203 2383 1318 2455 equidem.

251 2464 302 2526 be,
316 2462 393 2516 valde
409 2465 489 2530 scite,
500 2466 618 2537 inquam.
633 2499 674 2509 —-
688 2467 763 2518 Immo
804 2465 905 2518 Erasm.
922 2496 963 2509 -·-
975 2465 1014 2516 Et
1027 2464 1120 2537 quidem
1133 2462 1228 2533 jubebit
1243 2467 1318 2534 posci.

251 2545 286 2594 stc
303 2547 372 2596 sotis.
389 2544 480 2609 Quum
495 2544 614 2600 laudaret
633 2545 763 2599 fallaciam
805 2545 840 2598 Et
853 2545 928 2598 volet
939 2557 970 2597 ut
981 2543 1064 2597 filiam
1081 2557 1153 2596 mam
1167 2555 1245 2614 pater
1257 2561 1319 2596 suus

251 2621 381 2676 Chremes
387 2625 476 2694 probe,
487 2629 602 2690 nimium
613 2627 695 2696 Syrus
704 2625 765 2678 licta
805 2625 929 2697 postulet.
946 2623 1028 2691 Quod
1047 2623 1110 2677 lauit
1128 2621 1320 2687 Menedemus,

251 2700 383 2756 modestia
397 2704 555 2775 respondet,
568 2711 604 2759 sic
616 2711 692 2770 sotis,
707 2723 764 2758 me·
805 2723 844 2758 vs.
859 2708 934 2769 864,
948 2723 1006 2777 sqq.
1020 2737 1061 2747 -
1076 2703 1318 2773 Quartodecimum,

253 2779 389 2836 diocriter.
402 2785 535 2838 Bentleius.
806 2783 876 2858 Spe.
901 2811 912 2832 ι
924 2784 981 2838 Cur
997 2783 1064 2838 dicis
1079 2781 1162 2837 ist'ud.
1174 2808 1185 2828 ι
1205 2781 1320 2837 Simula-

294 2879 361 2932 771·
377 2863 440 2916 Non
453 2878 492 2917 est
506 2865 551 2918 hic
567 2865 695 2921 insititius
705 2883 763 2918 ver·
806 2877 861 2918 tam
875 2883 932 2917 rem
941 2877 1031 2935 putat3
1041 2865 1144 2935 alioqui
1153 2864 1321 2935 intelligeret,

253 2958 315 3004 sus,
331 2940 404 3012 quod
425 2943 590 2998 existimabat
611 2945 709 3016 Guyet.
725 2975 767 2991 -
807 2943 881 3016 quod
894 2945 924 2997 in
937 2945 1029 3016 aprioo
1042 2957 1088 2998 est.
1101 2945 1169 2996 Perl.

255 3021 333 3088 Quod
348 3035 455 3092 superest
463 3024 523 3090 sall.
545 3023 613 3078 cod.
635 3037 688 3079 vet.
701 3024 766 3077 Lin·
849 3027 914 3096 776.
935 3027 1048 3080 Prursus.
1064 3023 1118 3077 Alii
1130 3043 1261 3096 prorsum
1276 3021 1321 3076 sed

252 3098 531 3174 deubr.quodsupers.
542 3103 769 3176 est-Proquod
805 3123 904 3176 prm-sus
927 3105 1050 3159 Bentleio
1076 3101 1198 3166 videtur,
1223 3104 1323 3174 abjecta

253 3179 319 3233 dant
334 3181 379 3234 alii
390 3183 456 3254 quid.
808 3185 894 3238 littera
908 3205 936 3249 s,
952 3185 1086 3238 trocheus
1098 3201 1154 3238 esse
1169 3181 1204 3237 ad
1216 3184 1323 3237 Graooo-

294 3280 361 3332 77²·
375 3261 428 3315 Pro
437 3265 544 3334 seseipse
554 3261 628 3335 qnod
639 3262 767 3334 putidum
808 3283 870 3318 rum
885 3266 965 3318 metri
980 3265 1121 3318 rationem.
1138 3265 1259 3318 Per-letus.
1280 3263 1323 3317 Sic

253 3339 357 3394 invenit
378 3355 405 3395 et
430 3344 578 3411 insulsum,
593 3343 684 3410 Bentl.
708 3343 768 3397 vult
809 3361 916 3417 qnoque
931 3344 1062 3398 Both.—
1075 3345 1141 3398 Nam
1149 3363 1249 3413 pronao
1265 3345 1325 3396 nttit

253 3421 362 3489 reponi,
372 3422 493 3476 ssdeinde
503 3425 579 3488 dicit,
593 3423 766 3478 eto—Dioet.
810 3423 929 3495 intelligo.
945 3427 1015 3496 Apte
1032 3425 1151 3496 primurn
1167 3423 1274 3478 dubitat
1287 3443 1322 3477 se·

255 3497 301 3550 Sic
323 3500 354 3552 C.
371 3499 405 3554 G.
426 3523 462 3556 m.
482 3505 515 3556 In
534 3505 601 3559 libb.
624 3505 670 3559 Fa.
690 3505 766 3568 dicit,
809 3523 875 3566 nex,
891 3504 920 3556 in
934 3522 965 3558 re
979 3523 1060 3576 quam
1078 3503 1256 3575 denegaturus
1271 3517 1322 3570 est;

256 3576 330 3648 quod
343 3578 390 3634 dut
401 3600 508 3656 quoqne
523 3585 585 3656 Bip.
598 3583 705 3638 -Ssss
719 3589 769 3656 ipse
810 3597 837 3638 et
852 3601 902 3656 per
915 3583 1013 3655 gradus
1027 3596 1159 3638 veterator
1171 3583 1323 3656 depellitur.

255 3657 329 3721 dicet,
340 3672 390 3714 etc.
405 3663 498 3716 Astute
511 3661 546 3716 de
556 3664 646 3718 lntnro
656 3684 769 3738 pramo-
810 3664 914 3718 Boeclsr.
928 3697 969 3708 -
984 3665 1082 3718 Tardru
1091 3685 1123 3718 es.
1135 3662 1177 3717 Ad
1188 3664 1324 3736 ingenium

255 3749 303 3790 net
313 3738 471 3813 berum,qui
482 3743 641 3798 Menedemo
650 3764 705 3798 non
715 3763 770 3798 ore·
810 3745 933 3799 refertor.
951 3745 1055 3816 Utpote
1074 3746 1122 3816 qui
1140 3747 1240 3798 neseiat
1258 3763 1323 3815 qno·

256 3814 363 3872 diturus
384 3832 441 3879 est,
463 3820 530 3876 dnm
551 3823 622 3878 dicet
641 3825 766 3890 inferius,
811 3823 895 3878 modo
924 3841 982 3878 rem
1009 3823 1139 3896 intelligat
1166 3824 1321 3897 simplicem.

255 3913 294 3948 vs.
312 3897 366 3952 85⁵
385 3901 443 3952 :Et
470 3901 538 3954 uun
552 3907 622 3956 aium
635 3906 769 3959 uellcuso·
812 3903 876 3959 Haeo
895 3905 992 3978 Syrns3
1006 3904 1080 3958 hund
1096 3923 1171 3958 serus
1185 3921 1217 3958 ae
1234 3903 1281 3976 qui
1299 3920 1323 3954 se

253 3995 311 4029 ”m-
813 3985 936 4056 protinus
950 3985 1062 4056 intelligi
1075 3985 1180 4040 volunt.
