2926 4858
255 409 481 480 DauluLts
508 410 675 480 HEINSII
703 410 1011 479 DISSERTATIO.
1097 433 1171 478 uvir

106 539 216 609 theatri
228 541 362 612 ambitu
376 537 707 632 circumscribuntur.
720 543 808 614 Nam
822 556 857 612 et
870 543 1069 636 ἀγωνιστικὸν
1083 545 1118 613 in
1130 544 1175 614 so

105 672 139 715 m
148 700 158 732 ,
168 671 274 742 neque
290 651 406 718 minus
419 651 587 744 γραφικὸν,
601 650 671 719 sive
685 650 843 719 usitatum
859 651 894 716 in
908 648 1082 719 scribendo
1095 650 1174 720 cha·

106 767 266 842 racterem,
276 755 382 850 longe
390 755 644 851 excedunttquo
655 755 778 851 ubique
786 757 897 844 Nova,
905 769 938 824 et
945 756 1174 849 jamemenda·

107 873 145 944 ta,
154 863 288 957 respicit
298 862 489 932 Comoedia.
500 864 614 952 Quare
625 865 747 948 Varro,
757 887 860 957 quum
871 863 1032 932 sermonis
1042 861 1174 934 laudem

107 963 145 1034 illi
162 967 301 1054 tribuit,
324 969 416 1042 idem
437 968 527 1063 quod
553 969 674 1065 ubique
690 971 724 1037 in
746 970 897 1066 scriptis,
919 971 1034 1064 quanti
1049 970 1174 1041 saceret

106 1075 350 1168 antiquitatem,
368 1075 545 1171 profitetur
558 1093 566 1140 :
579 1091 616 1145 ut
636 1077 694 1170 qui
710 1074 752 1144 τὰ
766 1077 1024 1171 ἀπηρχαιωμένα,
1047 1103 1121 1172 quae
1139 1080 1174 1147 in

107 1178 208 1250 Plauto
222 1184 354 1277 partim
373 1207 483 1252 aarum
504 1207 571 1276 quo
589 1181 660 1252 haec
674 1184 820 1277 scripsit,
838 1185 959 1278 partim
973 1207 1047 1278 quae
1059 1183 1172 1277 pleris-

105 1310 161 1379 que
181 1287 319 1381 placet,
343 1290 415 1384 ipsa
441 1289 545 1360 desita
572 1305 708 1378 excusat
729 1292 923 1385 antiquitas,
944 1290 1168 1359 commendat.

106 1392 193 1462 Unde
212 1397 340 1489 etipse
361 1397 418 1490 qui
435 1399 482 1466 sic
497 1394 677 1490 judicavit,
693 1410 730 1465 ut
753 1398 892 1466 nimium
912 1396 1117 1490 antiquitatis
1138 1389 1172 1464 in

106 1499 273 1571 scribendo
292 1501 478 1591 studiosus,
490 1525 598 1596 neque
613 1504 691 1571 satis
706 1505 767 1572 aevi
781 1505 832 1573 sui
847 1527 992 1586 memor,
1003 1505 1114 1573 Varro
1127 1504 1172 1572 ab

105 1607 231 1702 antiquis
252 1609 393 1678 Criticis
408 1621 552 1679 notatur.
568 1608 637 1698 Qui
650 1633 754 1703 quum
771 1611 914 1680 sentiant
927 1611 989 1698 sic,
1004 1609 1171 1704 judicent-

105 1735 174 1804 que,
186 1713 307 1802 nobis,
329 1718 387 1809 qui
400 1715 443 1783 ab
458 1712 521 1784 illis
539 1715 660 1784 merito
675 1714 876 1811 pendemus,
890 1715 1042 1811 equidem
1054 1731 1172 1787 tacen-

105 1817 172 1886 dum
189 1845 283 1890 reor.
298 1819 426 1890 Auctor
442 1821 485 1891 de
502 1821 621 1892 Causis
638 1820 845 1916 Eloquentia
858 1823 1055 1918 Cormptae:
1070 1851 1088 1888 o
1098 1823 1171 1892 Ne·

106 1925 214 1997 minem
233 1927 446 2015 nominab03
468 1951 572 2024 genus
593 1927 769 1998 hominum
798 1930 944 2024 signasse
969 1942 1171 1999 contentus:

106 2031 153 2100 sed
169 2035 271 2104 vobis
290 2034 405 2129 utique
418 2049 594 2104 versantur
609 2049 686 2104 ante
705 2033 837 2123 oculos,
852 2037 910 2128 qui
926 2033 1092 2104 Lucilium
1107 2061 1170 2130 pro

105 2138 256 2220 Horatio,
282 2154 317 2209 et
335 2142 531 2211 Lucretium
555 2167 618 2237 pro
642 2139 784 2236 Virgilio
805 2139 943 2236 legunt:
958 2140 1078 2235 quibus
1101 2139 1170 2210 elo-

105 2248 224 2336 quentia
245 2249 299 2316 tui
313 2245 438 2317 Aufidii
451 2249 543 2318 Bassi
556 2263 615 2318 aut
628 2247 757 2318 Servilii
774 2247 920 2317 Noniani
935 2271 977 2318 ex
997 2270 1170 2342 compara-

104 2351 179 2423 tione
192 2353 347 2423 Sisenna
359 2368 418 2423 aut
436 2356 596 2424 Varronis
615 2353 736 2424 sordet.
751 2353 884 2444 »Quod
903 2379 944 2424 ex
961 2353 1100 2424 vocibus
1112 2378 1170 2424 an·

106 2457 189 2552 liquis
206 2473 321 2556 patet,
335 2483 418 2554 quas
430 2485 471 2530 ex
485 2459 576 2531 libris
589 2460 660 2556 ejus
673 2462 790 2532 Critici
802 2460 972 2556 legerunt,
985 2486 1089 2555 quum
1100 2485 1170 2530 non

104 2587 199 2655 pauca
221 2566 288 2636 alia
305 2591 344 2636 ex
363 2568 492 2663 scriptis
511 2567 582 2662 ejus
605 2570 673 2663 peti
693 2569 831 2664 possint.
855 2568 1003 2663 Ideoque
1030 2567 1165 2653 Cicero,

104 2673 150 2762 qui
163 2671 206 2742 de
228 2673 336 2744 aetaus
354 2697 422 2744 suae
437 2687 471 2744 et
496 2698 650 2744 sermone
670 2689 705 2744 et
723 2689 896 2746 venustate
920 2677 1065 2745 maxima
1090 2698 1168 2743 cum

104 2798 172 2847 tura
181 2778 376 2873 judicabat,
394 2779 526 2851 laudern
539 2779 628 2850 hanc
640 2783 797 2852 Terentio
809 2783 943 2852 cessisse
956 2781 1075 2852 merito
1086 2806 1167 2875 pro-

104 2887 231 2956 ntmtiat.
253 2888 310 2956 Sic
340 2887 431 2958 enim
457 2888 499 2958 ad
518 2889 666 2959 Atticum
688 2889 854 2958 :Secutus
876 2914 969 2977 sum,
995 2911 1064 2957 non
1089 2886 1165 2958 dico

103 2989 286 3084 Caecilium3
308 3021 326 3058 o
336 2995 439 3064 Mane
453 3009 490 3064 ut
507 3019 549 3065 ex
565 3009 666 3091 portu
683 2997 717 3064 in
730 2996 897 3070 Piraeum:
917 3025 934 3060 n
954 2993 1062 3064 malus
1078 2997 1166 3065 enim

103 3096 281 3169 latinitatis
298 3115 417 3170 auctor
431 3115 481 3171 est
493 3102 568 3172 :sed
583 3103 792 3185 Terentium,
808 3102 903 3196 cujus
922 3099 1078 3190 Fabellae,
1092 3127 1168 3196 pro-

105 3217 167 3294 pter
185 3205 387 3302 elegantiam
408 3209 587 3297 sermonis,
610 3207 814 3306 putabantur
830 3233 851 3278 a
870 3206 972 3278 Laelio
991 3207 1112 3278 scribi:

171 3415 242 3476 Heri
253 3417 369 3494 aliquot
381 3415 589 3477 adolescentuli
604 3417 716 3477 coimus
729 3419 760 3475 in
770 3417 905 3477 Piraeum.

106 3616 141 3685 Et
157 3620 294 3691 Servius
318 3621 525 3717 proprietate
556 3625 681 3693 caeteris
700 3623 915 3717 prepositum
938 3619 1030 3689 hunc
1055 3629 1165 3690 notat:

106 3721 185 3794 ldem
205 3725 247 3797 de
265 3729 459 3815 sententiis,
474 3753 555 3823 quas
575 3721 711 3808 διανοίας
727 3742 867 3814 vocant,
883 3725 1025 3822 judicari
1042 3742 1164 3823 potest.

106 3829 215 3904 Omnes
232 3836 323 3905 enim
344 3835 417 3905 fere
434 3833 542 3905 Plauti
560 3849 595 3906 et
614 3837 772 3930 θυμελικαὶ
786 3850 880 3924 sunt,
898 3849 933 3905 et
945 3833 988 3904 ab
1005 3859 1069 3906 usu
1084 3833 1163 3905 alic-

107 3959 162 4028 ua,
179 3941 289 4037 quales
312 3943 439 4039 passim
462 3941 572 4012 habet.
592 3944 762 4039 Imprimis
781 3965 885 4036 quum
901 3942 1166 4038 ‘philosophatur

107 4044 148 4110 ui
159 4057 365 4144 poposcerat.
381 4051 432 4119 Ut
447 4071 544 4118 ecce:
