3052 4864
434 376 705 446 CATALOGUS
732 377 1007 446 EDlTlONUM.
1134 397 1255 446 cxcvu

239 511 330 577 AEtas
345 508 417 577 haec
438 531 486 603 7⁰
505 507 675 578 Editiones
693 507 776 579 tulit.

239 635 330 701 AEtas
348 635 412 714 Vl,
431 657 461 700 a.
487 631 841 729 1701—1767.Per
867 635 954 703 hanc
975 647 1106 703 aetatem
1129 645 1197 701 tres
1214 656 1254 700 ex

186 739 317 833 Anglis,
338 738 427 807 John
451 741 563 833 Leng,
581 742 697 808 Franc.
725 745 814 808 Hare
836 755 869 810 et
891 740 987 809 Rich.
1008 737 1172 808 Bentleius
1192 739 1254 806 Te-

187 848 285 914 rentii
309 845 484 914 lectionem
512 860 587 940 post
611 849 776 916 Faernum
800 846 1041 916 emendandam
1069 869 1254 938 suscepere.

188 952 254 1021 Sed
277 953 403 1046 priores
427 952 510 1022 duos
532 951 698 1022 Bentleius
719 955 833 1023 critica
853 968 923 1022 arte
944 953 1127 1022 antecessit.
1145 953 1255 1038 Quar-

83 1051 87 1062 ’
188 1073 259 1126 tum
279 1083 313 1127 se
331 1057 480 1151 adjunxit
495 1065 574 1127 Arn.
591 1062 695 1127 Henr.
708 1060 977 1145 Westerhovius,
995 1062 1155 1144 BatavuS,
1171 1058 1257 1126 Peri·

188 1165 273 1233 zonii
297 1165 493 1258 discipulus,
514 1168 570 1258 qui
587 1169 737 1260 quamvis
755 1166 878 1236 multos
897 1166 994 1236 codd.
1014 1167 1094 1234 Mss.
1114 1187 1152 1232 ae
1173 1188 1256 1257 prae·

188 1273 404 1341 stantissimos
423 1270 632 1362 contulisset,
654 1277 762 1341 minus
780 1288 893 1342 tamen
914 1273 1046 1368 ingenio
1064 1296 1141 1355 suo,
1157 1293 1257 1362 quam

189 1379 362 1472 apparatui
385 1380 604 1474 interpretum
631 1395 790 1474 congesto
812 1379 891 1449 fisus
918 1394 977 1448 est.
1001 1381 1110 1446 ll'Ietra
1135 1377 1258 1471 partim

187 1483 291 1555 veluti
307 1509 393 1552 vana
408 1484 538 1572 derisit,
556 1488 677 1581 purtim
694 1485 849 1580 neglexit.
864 1488 1011 1556 Omnino
1029 1498 1160 1569 autem,
1176 1482 1256 1551 dum

188 1590 289 1661 literis
316 1592 462 1660 Terentii
489 1617 557 1660 non
584 1617 691 1686 pauca
716 1607 949 1662 extraneorum
970 1592 1100 1686 ingenia
1123 1613 1260 1684 operam

189 1696 306 1766 darent
330 1700 520 1793 egregiam,
545 1724 624 1768 sane
649 1703 788 1794 poenitet
816 1700 928 1785 fateri,
954 1701 1140 1767 Germanos
1166 1697 1260 1789 quasi

188 1807 324 1900 propria
345 1807 498 1873 Minerva
525 1805 701 1876 destitutos
730 1809 795 1876 hoe
819 1808 897 1876 satis
925 1804 1096 1888 habuisse,
1120 1800 1260 1869 Minellii

188 1911 374 1998 Editiones,
397 1911 432 1980 id
456 1913 546 2006 quod
568 1916 602 1980 in
628 1913 794 1983 ludicrum
816 1909 1030 2006 proverbium
1050 1907 1261 2000 vulgaretur,

188 2016 386 2086 admodum
408 2019 564 2102 Minellii,
586 2033 754 2110 repetere,
777 2019 931 2111 repetitas
953 2015 1149 2108 germanicis
1167 2027 1261 2081 notu·

189 2121 228 2192 lis
249 2123 402 2218 effareire
424 2138 524 2216 atque
544 2123 722 2217 complere.

249 2269 357 2339 ¹70¹·
374 2246 544 2340 Cutahrig.
565 2259 703 2315 curante
720 2245 809 2315 John
828 2247 933 2340 Leng.
952 2270 982 2313 c.
997 2267 1069 2312 var.
1086 2241 1159 2310 lect.
1175 2243 1262 2337 typis

189 2350 369 2444 majoribus
391 2350 492 2419 Acad.
512 2351 620 2421 infol.
641 2355 723 2421 min.

249 2477 358 2570 1724.
382 2477 485 2543 Amst.
513 2502 540 2544 c.
565 2502 649 2546 vers.
672 2491 706 2545 et
727 2479 814 2548 notis
832 2477 995 2546 Dacieriae
1017 2500 1071 2569 ap.
1098 2478 1138 2543 R.
1163 2489 1196 2543 et
1214 2477 1258 2545 G.

200 2583 368 2649 Wetsten.
393 2579 496 2650 3vol.
515 2583 595 2653 iri-8.
613 2583 701 2653 Edit.
722 2599 891 2678 praestans.

251 2710 353 2802 1726.
373 2707 471 2775 Rich.
490 2707 644 2790 Bentleii,
662 2710 719 2803 qui
739 2709 921 2778 innumeris
938 2706 1018 2778 locis
1034 2709 1175 2778 mutavit
1189 2721 1258 2775 tex·

190 2826 279 2896 tum,
302 2813 424 2906 adjecit
445 2816 691 2885 emendationes
713 2817 849 2902 Faerni,
871 2839 936 2883 una
959 2840 1035 2884 cum
1060 2813 1188 2882 Phaedr.
1213 2813 1261 2882 f-

189 2906 276 2987 bulis
296 2934 329 2987 et
351 2923 386 2987 P.
407 2922 481 3012 Syri
504 2919 709 3016 aliorumque
732 2937 815 2990 vett.
839 2923 1026 3005 sententiis,
1050 2920 1207 2990 Cantabr.
1229 2935 1263 2988 et

191 3024 298 3094 Lond.
318 3027 396 3106 ind.
412 3028 530 3096 Metris
545 3029 751 3098 Terentianis
772 3027 879 3097 lucem
900 3027 1021 3097 attulit.

244 3149 371 3218 Eodem
396 3174 449 3219 an.
468 3154 549 3218 Arn.
569 3152 904 3221 Henr.Westerhovii
923 3178 998 3221 cum
1019 3152 1265 3224 commentariis

190 3258 335 3345 Donati,
349 3257 533 3352 Eugraphii
555 3272 589 3326 et
608 3258 822 3353 Calplrurnii,
838 3261 1005 3354 ipsiusque
1026 3258 1265 3328 commentario

191 3387 252 3434 suo
278 3356 451 3458 perpetuo.
476 3362 605 3433 Additae
636 3380 713 3434 suut
738 3365 918 3434 observatt.
947 3369 1000 3434 Fr.
1024 3364 1265 3458 Lindenbrogii

190 3471 225 3537 in
243 3469 317 3540 Ter.
342 3484 375 3538 et
393 3473 458 3538 Do.
481 3472 579 3538 etiam
607 3470 730 3542 indices
752 3471 1009 3566 locupletissimi.
1032 3475 1116 3564 Hag.
1140 3471 1263 3540 Comit.

190 3577 266 3656 ind.
286 3575 461 3671 Splendida
486 3576 575 3646 Edit.
596 3591 630 3645 et
648 3581 881 3673 copiosissima.

251 3724 354 3794 1727·
377 3701 513 3772 Amstel.
538 3703 677 3800 Bentleii
697 3705 817 3788 altera,
833 3705 943 3773 denuo
962 3704 1141 3788 recensita,
1159 3701 1267 3770 indice

191 3806 294 3901 ampl·
317 3833 382 3876 rer.
405 3825 438 3878 et
462 3810 577 3878 verbb.
601 3825 669 3879 tam
694 3813 729 3881 in
751 3827 830 3882 text.
856 3835 954 3905 quam
978 3811 1013 3876 in
1040 3825 1136 3878 notas
1152 3823 1267 3890 aucta,

191 3915 435 3984 cur.Westerh.
458 3917 546 4002 ind,
561 3941 614 4010 ap.
625 3921 771 3988 Westen.
785 3921 878 4008 Quas
892 3931 1016 4010 utrasq.
1035 3915 1136 3984 Editt.
1151 3913 1266 3984 sedulo
1356 3960 1360 3969 ·

192 4018 327 4088 adhibui
349 4023 382 4088 in
403 4021 585 4090 consilinm.
