2890 4866
241 441 348 488 uxxvr
599 419 669 488 DE
696 419 963 490 THEATRQ

241 536 478 635 prospiciendo
501 538 549 610 sic
567 537 744 636 appellata.
763 542 851 612 Nam
869 555 949 612 ante
970 537 1179 612 theatrorum
1202 565 1325 632 usum,

245 675 350 720 scenae
376 673 477 743 snper
497 648 656 744 plaustris
685 649 869 722 ductilibus
901 651 1175 742 exstruebantur,
1197 679 1237 725 ac
1257 681 1325 751 per

242 761 388 854 compita
407 758 535 846 ductae,
553 760 681 856 populo
707 762 902 856 prabebant
919 762 1189 836 oblectationem.
1207 767 1325 837 Thea·

245 885 297 940 tra
322 885 433 942 autem
463 886 560 942 erant
584 871 739 960 aedificia,
759 869 811 942 vel
836 889 1017 968 apparatus
1040 875 1075 944 in
1094 875 1212 972 populi
1241 901 1325 974 gra·

244 983 325 1052 tiam
346 984 519 1069 instructi,
534 982 577 1052 ad
602 980 776 1078 hemicycli
800 984 964 1078 speciem,
981 983 1024 1054 ad
1041 987 1243 1080 spectandos
1272 987 1326 1058 lu·

242 1089 324 1162 dos:
340 1091 527 1186 spectacula
541 1092 661 1162 Latine
676 1117 852 1187 possumus
870 1094 992 1166 dicere.
1011 1097 1129 1185 Quum
1144 1096 1256 1168 forum
1271 1101 1327 1167 in·

243 1202 398 1272 stitutum
416 1201 519 1274 fuerit
537 1202 551 1299 (
559 1203 670 1298 inquit
686 1203 898 1302 Vitruvius),
920 1220 993 1276 tum
1015 1210 1166 1278 Deorum
1184 1209 1328 1279 immor·

245 1312 363 1382 talium
390 1313 509 1383 diebus
535 1313 642 1402 festis,
670 1312 827 1387 ludorum
847 1318 1130 1412 spectationibus,
1148 1319 1328 1417 eligendus

245 1438 296 1493 est
322 1424 414 1494 locus
440 1425 584 1494 Theatro
612 1449 713 1520 quam
741 1426 991 1498 saluberrimus.
1022 1432 1176 1500 Fuerunt
1210 1447 1328 1501 autem

244 1537 391 1605 Theatra
411 1535 556 1604 duorum
578 1561 738 1632 generum
754 1563 762 1607 :
777 1537 841 1607 alia
859 1537 969 1633 lignea
988 1552 1023 1608 et
1044 1537 1202 1633 pluribus
1221 1540 1330 1610 tabel-

246 1645 430 1716 lationibus
450 1659 633 1733 exstructa,
650 1646 761 1741 qualia
780 1647 886 1718 Ludis
902 1647 1046 1743 publicis
1060 1651 1241 1744 quotannis
1267 1649 1329 1719 fie-

247 1757 331 1826 bant
354 1759 490 1843 Romae,
511 1771 612 1852 atque
635 1781 676 1826 ea
698 1759 858 1853 perennia
884 1783 952 1827 non
979 1757 1112 1828 fuerant
1127 1756 1214 1829 :alia
1233 1785 1329 1829 surn-

250 1883 369 1963 ptuosa
383 1882 417 1936 et
428 1866 572 1955 nobilia,
588 1893 629 1938 ex
646 1867 762 1937 solidis
772 1868 885 1954 rebus,
898 1867 932 1937 id
945 1883 1011 1955 est,
1024 1893 1064 1938 ex
1082 1882 1250 1941 structura
1264 1896 1331 1940 cae-

249 1993 441 2048 mentorum
452 2031 461 2066 ,
471 1977 582 2073 lapide
592 1994 651 2048 aut
662 2001 828 2048 marmore
841 1979 1044 2066 constituta,
1055 1977 1154 2075 quale
1172 1997 1223 2050 est
1237 1981 1333 2077 quod

251 2089 439 2160 construxit
458 2091 507 2159 M.
530 2087 675 2158 Scaurus
690 2089 724 2156 in
742 2088 901 2158 aedilitate
918 2113 996 2178 sua,
1018 2089 1097 2158 item
1116 2087 1216 2158 etiam
1230 2091 1333 2158 Pom·

250 2196 360 2297 peius,
381 2199 487 2270 etalii
512 2199 681 2296 permulti.
705 2203 757 2270 Ita
775 2215 886 2270 antem
915 2198 1139 2294 compositum
1159 2197 1224 2268 fuit
1241 2200 1332 2267 anti·

252 2311 328 2406 quis
354 2312 558 2396 Theatrum,
581 2326 677 2381 uteo
696 2311 917 2396 conveniens,
935 2325 969 2382 et
992 2310 1168 2381 commode
1190 2309 1307 2380 sedens
1320 2367 1347 2399 ,‚

253 2421 352 2492 turba
371 2447 389 2492 e
407 2421 592 2516 longinquo
618 2421 715 2492 saeile
737 2436 888 2518 spectare
905 2437 1035 2518 posset,
1050 2446 1197 2492 concavo
1216 2447 1333 2516 acqua·

253 2531 343 2628 lique
360 2533 526 2629 parietum
545 2533 781 2627 circumjectu,
797 2547 836 2602 ut
853 2531 905 2603 vel
924 2531 992 2602 leni
1013 2558 1097 2604 sono
1115 2532 1205 2603 dicta
1227 2533 1333 2602 verba

255 2641 299 2711 ad
315 2641 459 2712 alterum
476 2641 616 2711 Theatri
635 2657 739 2738 caput
762 2641 893 2713 facilius
916 2642 1094 2714 ferrentur.
1114 2647 1233 2714 Postea
1250 2667 1332 2712 vero

254 2753 480 2849 excogitatum
499 2768 547 2821 est
564 2754 749 2822 Theatrum
773 2754 807 2823 in
833 2753 1015 2824 rotundam
1035 2751 1178 2822 formam
1198 2767 1332 2822 exstru-

254 2878 363 2960 ctum,
381 2862 447 2933 alio
468 2861 573 2934 multo
600 2863 816 2935 excellentius
843 2878 945 2960 atque
961 2863 1138 2959 capacius,
1160 2863 1333 2960 magisque

255 2987 509 3069 sumptuosum:
525 2973 616 3070 quod
629 2975 709 3068 quia
720 2971 823 3044 veluti
838 3000 879 3045 ex
892 2973 1025 3044 duobus
1044 2989 1214 3046 constaret
1227 2975 1334 3044 Thea·

257 3085 337 3172 tris,
351 3083 598 3180 rotundamque
612 3084 771 3182 figuram,
790 3111 859 3157 non
870 3085 940 3180 jam
954 3082 1100 3182 amplius
1113 3082 1333 3182 hemicyclum

256 3195 420 3278 referret,
446 3197 490 3265 ob
509 3195 545 3266 id
565 3197 861 3292 Amplritheatram
882 3196 1010 3267 dictum
1035 3211 1110 3284 est,
1133 3195 1237 3292 quale
1262 3209 1333 3282 est,

257 3307 350 3403 quod
368 3306 469 3378 hodie
487 3309 602 3408 Romae
630 3307 780 3394 videtur,
804 3306 987 3402 aliquando
1010 3306 1052 3376 ab
1081 3307 1256 3378 Antonino
1272 3305 1333 3376 Pio

258 3417 479 3500 aedificatum,
500 3433 534 3486 et
555 3442 575 3488 a
599 3418 720 3490 Gothis
748 3417 954 3487 devastatum
981 3415 1185 3513 (Colisaeum
1213 3413 1333 3510 vulgus

258 3529 397 3624 vocat),
415 3527 507 3624 quod
522 3530 733 3624 potissimum
751 3526 873 3599 adalia
888 3526 1079 3624 spectacula
1093 3527 1195 3624 vulgo
1214 3551 1334 3622 propo·

259 3639 369 3710 nenda
391 3638 516 3710 factum
537 3655 638 3736 atque
654 3642 827 3710 inventum
846 3637 929 3728 fuit,
943 3665 1023 3710 nam
1044 3637 1087 3710 ad
1100 3639 1336 3708 ScenicosLu-

262 3751 322 3822 dos
347 3750 620 3846 prospiciendos,
642 3749 750 3846 magis
771 3749 931 3822 idoneum
956 3765 1030 3820 erat
1056 3750 1242 3821 Theatrum
1264 3747 1336 3819 :ob

261 3887 346 3957 quos
363 3863 528 3956 praecipue
548 3863 722 3932 inventum
740 3858 841 3932 luisse
858 3859 1017 3932 credibile
1033 3873 1092 3930 est.
1116 3857 1219 3930 Unde
1240 3857 1336 3930 facile

261 3972 480 4066 conjecerim,
498 3973 711 4060 Terentium,
732 3995 800 4066 quo
818 3985 968 4068 tempore
988 3970 1135 4065 primum
1155 3970 1331 4065 proposuit

262 4108 356 4156 suam
380 4078 565 4180 Hecyram,
583 4085 688 4180 egisse
710 4083 745 4154 iu
768 4082 1025 4179 Amphitheatro
1039 4105 1160 4154 :scena
1179 4107 1239 4180 per
1258 4091 1327 4152 me·
