3040 4866
404 387 611 458 ANDRIA.
641 389 746 460 Act.
775 391 841 474 IV,
869 390 934 460 SC.
965 392 990 457 Ι.
1082 383 1084 389 ’
1179 385 1227 459 85

157 520 216 590 lbi
232 531 304 589 tum
322 543 437 589 eorum
455 521 736 615 impudentissima
753 523 859 593 oratio
875 535 947 592 est:
1188 547 1227 587 en

165 655 184 690 α
195 626 281 715 Quis
292 640 329 694 tu
345 623 400 696 es?
416 627 489 721 quis
505 627 586 696 mihi
602 625 660 697 es?
675 652 736 697 our
749 633 857 698 meain
874 626 954 697 tibi?

167 761 185 796 α
196 732 299 820 Heus,
313 757 496 827 proxumus
509 757 581 803 sum
596 748 727 828 egomet
737 735 829 802 mihi.
842 763 858 799 n
889 737 1044 803 Attamen
1058 731 1114 801 ubi
1127 731 1228 804 fides?

164 840 199 908 Si
215 863 325 934 roges,
343 837 423 908 nihil
442 839 555 934 pudet.
574 841 657 925 Hic,
678 841 735 909 ubi
751 865 836 935 opus
853 855 919 924 est,

163 947 239 1014 Non
257 959 431 1033 verentur3
451 944 533 1033 illic,
552 946 608 1015 uhi
627 945 708 1016 nihil
726 971 811 1042 opus
829 959 897 1032 ost,
915 946 961 1014 ibi
979 960 1147 1015 verentur.

164 1049 229 1120 Sed
252 1051 331 1147 quid
355 1053 475 1148 egam?
492 1051 650 1122 adeamne
670 1052 712 1123 ad
736 1077 830 1137 eum,
853 1066 985 1121 etcum
1012 1077 1052 1120 eo
1074 1051 1226 1144 injuriam

320 1158 408 1227 hano
424 1156 652 1253 expostulem?
1188 1187 1227 1232 o·

162 1265 316 1359 Ingeram
333 1262 419 1334 mala
433 1263 535 1336 multe
545 1263 560 1334 l
570 1267 661 1360 atqui
672 1263 787 1361 aliquis
798 1265 900 1335 dicet:
912 1262 993 1333 nihil
1002 1261 1226 1359 promoveris;

162 1369 327 1457 Multmn3
351 1369 508 1441 mole-stus
534 1387 623 1442 certe
650 1374 681 1441 ei
702 1371 813 1458 fuero,
837 1385 935 1466 atque
959 1371 1069 1439 animo
1096 1389 1223 1438 morem

321 1501 462 1571 gessero.

163 1726 210 1781 hes
234 1727 268 1782 ed
290 1745 394 1784 versum
418 1735 530 1804 proved.
551 1733 673 1786 trnnsfert
715 1731 1224 1787 -HicAm.etAles.Duvat:‹Chari-

163 1808 353 1875 teon-nes,
364 1809 404 1864 rei
416 1823 443 1865 et
451 1813 576 1884 temporit
581 1829 671 1867 neoto·
714 1831 779 1878 nus,
788 1810 854 1868 dens
866 1831 914 1866 son
924 1812 1058 1878 mnlhenr,
1068 1811 1115 1864 fait
1122 1809 1170 1864 des
1180 1828 1223 1864 re·

162 1885 232 1942 sites.
241 1890 346 1944 -Alii
360 1891 491 1964 Cogitpro
498 1896 591 1964 premit.
715 1891 826 1946 flexione
841 1891 953 1946 morales
964 1891 1011 1962 qni
1025 1902 1110 1944 tontes
1126 1903 1186 1944 sont
1197 1889 1223 1940 le
1300 1892 1304 1900 “

202 1967 270 2022 635.
285 1970 324 2023 lta·
342 1982 405 2033 teon,
417 1989 502 2043 quum
513 1971 650 2044 denegent.
715 1971 780 2024 fruit
798 1969 832 2024 de
842 1971 868 2024 le
883 1971 943 2042 plns
956 1981 1044 2024 exacte
1057 1968 1222 2022 observetion

203 2045 269 2101 636.
290 2049 352 2119 Quis
374 2063 400 2102 tu
418 2071 450 2104 es.
469 2051 547 2105 Both.
569 2063 595 2104 tu
619 2054 671 2124 quis
714 2046 751 2103 dn
771 2067 844 2103 conr
857 2049 976 2104 humein.
990 2049 1225 2115 Qn'onreoonnett

163 2145 197 2178 cs·
205 2157 245 2168 -
258 2127 319 2196 Quis
331 2131 389 2182 mitt
397 2137 441 2182 es?
449 2131 509 2194 Qun
521 2131 672 2184 necessitate
713 2129 776 2182 bien
785 2129 810 2182 lt
822 2147 858 2182 un
866 2127 1056 2200 prandentem
1064 2127 1198 2198 comique!
1208 2150 1220 2173 υ

164 2203 231 2258 mihi
240 2207 461 2278 oonjmgerin-
470 2209 522 2262 Cur
533 2227 608 2262 meant
617 2210 670 2261 titt.
715 2241 754 2251 —
768 2209 840 2263 Nittl
847 2207 932 2280 pudet.
946 2207 1025 2262 Both.
1039 2209 1077 2259 nil
1084 2207 1176 2277 pudent
1191 2225 1223 2260 ex

163 2283 270 2355 Ellipsis
288 2299 342 2352 eet,
361 2300 388 2340 et
403 2287 515 2341 nubendi
535 2307 542 2342 ι
562 2307 671 2358 pomam
714 2289 761 2342 Be.
781 2289 834 2341 Atii
855 2286 960 2341 addunt
978 2289 1041 2340 illos.
1060 2317 1101 2329 —
1118 2287 1168 2338 Ht'e
1182 2286 1225 2338 ubi

163 2364 297 2419 concedam.
313 2397 353 2409 -
371 2365 419 2420 His
436 2366 532 2421 alludit
548 2367 581 2422 td
597 2368 673 2423 Pam·
715 2387 772 2440 opus
784 2380 827 2422 est.
844 2367 907 2420 llteo
920 2367 1000 2421 verbe
1013 2365 1119 2420 initium
1132 2359 1223 2420 verint

162 2443 289 2514 pbilnrn,
309 2465 389 2517 quern
409 2447 561 2518 loquentem
583 2450 671 2520 ipsum
713 2445 885 2518 precedentis
895 2447 995 2500 faciunt
1007 2444 1078 2517 apud
1091 2446 1170 2502 Both.
1183 2477 1223 2490 -

163 2521 280 2590 inducit,
298 2524 430 2580 innitendo
449 2544 511 2581 stne
530 2545 621 2582 rocem
645 2539 672 2580 et
714 2528 770 2582 uto
785 2527 828 2579 ubi
841 2527 903 2580 nette
916 2545 975 2598 opio
989 2538 1033 2580 est.
1049 2526 1129 2579 Both.
1139 2524 1220 2596 legit:

162 2615 261 2674 gestus.
714 2607 768 2670 itti,
785 2607 827 2660 uba·
837 2607 874 2658 nil
884 2605 1003 2678 opw„idi
1015 2618 1137 2658 verentur.

202 2685 269 2754 637.
285 2684 353 2737 Heus
366 2695 416 2739 tto.
431 2685 512 2740 Both.
529 2685 597 2738 Heus
611 2688 670 2740 milri
753 2687 969 2750 Melitenam.
981 2685 1060 2738 Both.
1071 2698 1176 2738 anteum
1184 2703 1221 2736 eo.

161 2759 195 2814 sd
207 2781 313 2818 versum
326 2763 520 2836 precedentem
532 2767 669 2831 transfert,
713 2763 766 2821 Gn.
783 2786 807 2820 s.
828 2777 856 2820 ut
872 2785 924 2818 cunr
940 2785 977 2820 eo.
992 2795 1032 2808 -·
1048 2765 1095 2818 Ad
1106 2783 1170 2828 eom,
1187 2761 1223 2816 ad

162 2855 188 2895 et
202 2861 253 2914 pro
266 2844 308 2896 uta·
321 2843 367 2898 det
381 2845 487 2898 utinam.
499 2878 539 2888 -
553 2846 671 2899 Attamen
712 2845 891 2917 Pamphilum·
915 2842 1042 2899 Nondum
1066 2844 1138 2898 enim
1161 2861 1222 2915 pro·

162 2919 282 2991 nlifides.
297 2923 428 2979 Charinus
440 2944 502 2979 enm
515 2924 549 2980 ite
560 2945 668 2997 respon·
712 2925 805 2998 spexit.
817 2956 858 2969 —
873 2925 934 2980 cun
947 2945 976 2978 eo
987 2927 1101 2994 injuriam
1112 2925 1174 2976 bne
1182 2943 1224 2975 ee·

162 2999 270 3055 dentem
288 3001 407 3068 inducit,
425 3005 468 3058 cui
489 3004 551 3060 telin
571 3006 670 3078 objice·
709 3006 825 3075 postulem
831 3004 871 3068 ,·i.
888 3023 911 3058 e.
926 3023 987 3058 enm
1001 3003 1170 3058 contentione
1182 3021 1223 3056 rt·

162 3093 254 3135 rentur
265 3081 347 3148 :Quis
358 3094 388 3136 tn
400 3099 441 3136 es.
449 3083 472 3137 ,Ρ
712 3085 816 3143 tionem
827 3085 930 3159 injurie
941 3086 974 3138 ab
986 3103 1017 3138 eo
1030 3082 1182 3154 deposcam.

203 3161 278 3228 6³8,
295 3161 361 3232 6³9.
376 3163 448 3216 Nilril
458 3163 532 3234 pudet
547 3182 592 3217 eos
608 3164 671 3218 talin
754 3159 1225 3231 641.Malnrnulta,h.e.ntelediete;

162 3241 404 3312 profiteri-Hie,
413 3242 510 3296 abiete.
518 3241 547 3296 in
557 3243 671 3298 rebnsin
714 3244 839 3298 eonvioin.
853 3275 894 3288 —
906 3245 985 3316 Atqui
996 3244 1099 3316 aliquis,
1113 3255 1163 3296 eto.
1177 3241 1225 3294 Sin

162 3320 672 3393 qnibnsopusettpndoreeffiei.-Ubr'
713 3336 801 3376 autern
824 3323 918 3395 aliquis
941 3323 1068 3394 objiciet,
1091 3319 1225 3386 dicendo,

162 3399 224 3454 mitit
236 3419 295 3472 oprn
305 3412 348 3456 ert.
364 3401 428 3458 Hoc
444 3418 547 3458 summe
559 3415 597 3456 est
610 3421 670 3456 sen-
713 3402 781 3456 nihil
792 3403 946 3474 profeceris.
960 3434 1001 3446 -
1015 3405 1094 3474 Atqui
1105 3401 1164 3471 aliq.
1175 3400 1225 3452 dic.

162 3479 244 3532 tentia
256 3479 379 3546 Charini,
392 3495 421 3534 ut
436 3480 560 3534 homines
569 3481 671 3552 pudere
714 3481 788 3536 Bent.
801 3483 864 3538 We.
882 3495 961 3554 atque.
975 3481 1036 3534 Non
1050 3481 1144 3550 placet.
1156 3479 1225 3532 Nem

162 3555 269 3612 deberet
288 3557 361 3631 qnod
380 3558 462 3616 fidem
482 3559 597 3629 violent,
614 3579 670 3614 non
713 3565 782 3634 atqui
792 3561 853 3616 heb.
866 3574 916 3616 ret.
934 3559 982 3614 Ed.
997 3557 1070 3632 qnod
1089 3558 1125 3612 id.
1146 3559 1227 3612 servit

161 3650 266 3704 eutem,
283 3637 357 3710 qnod
375 3638 476 3711 aliquid
491 3641 576 3711 rogati
588 3638 670 3694 dene·
713 3640 865 3712 objeotioni.
875 3673 915 3684 -·-
928 3639 1006 3694 Nilaea
1018 3639 1096 3692 Both.
1112 3639 1155 3691 nil.

161 3727 230 3786 gent.
247 3717 307 3772 Jem
318 3731 378 3772 ente
388 3720 513 3784 Plautus,
526 3717 605 3792 Epid.
619 3731 670 3774 not.
758 3721 933 3784 dlnMnltum
943 3717 1227 3790 promovero-Per·

161 3797 205 3860 11,
225 3813 262 3850 sc.
281 3815 305 3859 ι,
321 3817 346 3852 v.
372 3817 402 3863 r,
425 3799 573 3871 «Plerique
583 3798 672 3853 homi·
715 3801 759 3854 let.
767 3797 886 3854 distinxit
895 3799 1026 3854 cumWe.
1038 3811 1065 3851 et
1076 3799 1154 3870 anp.
1167 3809 1227 3868 post

161 3893 222 3941 nes,
232 3893 315 3947 qnos,
328 3895 413 3948 quum
425 3879 464 3931 nil
475 3880 569 3943 refert,
580 3877 671 3952 pudet,
716 3879 821 3934 timeum
828 3900 839 3942 ,·
849 3879 894 3932 elii
902 3891 980 3942 ante,
992 3877 1060 3931 inter
1074 3897 1140 3950 qnos
1148 3879 1227 3930 Both.

162 3953 207 4008 nbi
220 3953 377 4026 pudendum
395 3971 447 4022 est,
460 3957 496 4012 ihi
517 3979 561 4012 eos
576 3958 674 4014 deserit
718 3991 757 4002 -
770 3959 855 4020 Certe,
869 3958 968 4011 saltem.
982 3987 1022 4000 -
1037 3957 1126 4012 Anno
1142 3977 1228 4012 morem

120 4079 125 4084 .
161 4031 263 4106 pudor,
274 4054 359 4106 quum
371 4055 432 4090 usus
442 4049 493 4103 est,
505 4053 534 4094 ut
545 4027 669 4110 pudent·
717 4058 828 4108 gesson,
842 4038 887 4091 iroe
899 4035 1042 4092 indulsero.

1030 4131 1074 4214 6,
