2926 4858
263 379 478 449 uuumrus
506 330 679 454 nurusu
700 385 1002 458 urssunrumo.
1072 415 1161 463 cun
1257 425 1258 428 κ

120 529 148 584 et
166 529 296 584 cetera:
315 511 468 608 pluscula
483 529 560 586 sunt
577 515 674 585 enim.
692 515 791 604 Quis,
807 541 910 610 qumm
930 517 986 588 iila
1001 523 1034 589 in
1054 521 1162 592 Phor-

120 623 215 690 mione
229 619 330 716 legit,
347 645 418 690 non
434 645 571 692 uxorem
590 621 764 692 honestam
781 621 921 693 adulteri
939 615 1111 720 agnoscit?

361 805 407 859 An
423 799 580 879 quidquam
592 799 681 858 hodie
691 813 735 859 est
747 801 853 861 sactum
872 803 1036 883 indignius?

185 897 240 970 Qui
254 896 341 970 mihi,
355 894 407 955 ubi
420 895 457 955 ad
472 915 577 956 uxores
590 910 709 955 rentum
720 910 777 970 cst,
789 911 850 958 tum
862 901 936 958 fiunt
952 921 1043 963 senes.

184 995 317 1053 Haecine
333 1006 417 1054 erant
427 994 531 1054 itiones
546 993 655 1054 crebrae
670 1007 700 1054 et
712 997 873 1056 mansiones
886 997 1005 1058 diutinae

184 1092 301 1150 Lemni?
316 1091 441 1150 hucine
452 1104 515 1152 erat
527 1111 591 1170 quc
603 1105 717 1151 nostros
727 1093 836 1153 fructus
846 1095 1164 1160 minuebatcalamitas?

184 1186 283 1259 Quid?
293 1207 348 1266 ego
364 1207 447 1266 aquo
461 1187 557 1246 animo
570 1188 657 1266 cupio
667 1187 771 1248 misera
782 1191 811 1248 in
820 1190 876 1249 hac
888 1211 921 1250 re
934 1191 1093 1273 defungier.

183 1281 238 1342 sed
252 1281 326 1361 quid
338 1285 474 1361 sperem?
490 1296 571 1342 etate
584 1302 674 1361 porro
688 1284 783 1343 minus
793 1300 977 1361 peccaturum
993 1297 1112 1368 putem?

181 1384 244 1442 Jam
257 1393 320 1439 tum
334 1392 397 1439 erat
412 1399 513 1453 senex,
526 1391 657 1460 senectus
668 1382 692 1439 si
704 1382 883 1443 verecundos
899 1385 975 1445 iacit.
1084 1435 1086 1440 .

184 1483 230 1536 Διι
241 1495 306 1535 mea
316 1477 410 1546 forma
418 1489 505 1556 atque
516 1488 584 1536 aetas
590 1477 650 1554 jam
662 1477 751 1556 magis
762 1480 922 1557 expetenda
931 1497 989 1556 est,
999 1486 1162 1566 Demipho?

132 1605 137 1614 ·
182 1573 260 1648 Quid
274 1573 347 1633 mihi
363 1594 441 1632 nuuc
457 1573 557 1648 affers,
570 1572 758 1652 quamohrem
772 1590 949 1656 exspectem,
963 1593 1013 1641 aut
1032 1603 1160 1662 sperem,

260 1689 354 1749 porro
365 1688 426 1729 non
437 1670 513 1729 fore?

118 1857 170 1945 Et,
185 1859 450 1953 quandoquidem
464 1858 671 1954 simplicitas,
688 1864 830 1931 maxima
849 1877 985 1932 moratae
1003 1868 1159 1938 orationis

117 1963 224 2053 virtus,
243 1966 269 2034 si
290 1965 500 2052 intendatur,
521 1967 714 2036 suavitatem
730 1968 834 2062 parit;
846 1991 945 2036 nemo
965 1970 1034 2039 sine
1050 1972 1159 2042 incre-

118 2066 194 2140 dibili
212 2095 250 2140 ac
265 2095 396 2140 summa
415 2068 585 2166 voluptate
600 2069 682 2140 illud
698 2071 870 2142 Bacchidis
891 2070 1000 2167 leget:

238 2327 243 2334 .
377 2255 468 2312 Recte
483 2251 772 2332 amasti,P'amphile,

183 2353 311 2430 Uxorem
333 2361 411 2409 tuam
426 2372 433 2406 ε
448 2367 516 2408 nam
534 2367 682 2428 nunquam
702 2361 770 2408 ante
790 2347 864 2408 hauc
880 2349 957 2410 diem
979 2350 1050 2412 meis
1069 2354 1161 2413 oeulis

259 2450 349 2515 Eam,
362 2445 442 2525 quod
452 2465 581 2518 nossem,
594 2443 729 2504 videram.

182 2541 497 2603 Perliberalisvisaest.
831 2544 838 2550 '

119 2698 247 2798 Ideoque
265 2699 398 2772 Fabulae
415 2703 620 2770 Terentianae
639 2698 820 2770 doctiorem
840 2701 1048 2792 histrionem,
1061 2727 1160 2797 quam

119 2804 322 2902 reliquorum,
339 2807 576 2877 desiderabant.
595 2809 732 2902 Semper
754 2808 861 2894 enim,
878 2831 949 2901 qum
967 2823 1095 2880 murata
1112 2825 1162 2880 est

119 2915 224 3002 oratio,
237 2925 277 3007 τῇ
298 2911 451 3007 ὑποκρίσει
470 2909 643 2983 fulcienda.
664 2913 752 2982 Nam
775 2937 847 3007 quae
867 2899 1015 2982 moribus
1034 2913 1162 2985 affecti·

119 3015 229 3114 busque
248 3019 456 3105 destituitur,
467 3031 550 3089 teste
568 3016 788 3113 Philosopho,
802 3031 852 3087 est
869 3019 1079 3113 ἀνυπόκριτος.
1093 3019 1161 3090 Ne·

119 3147 172 3217 que
192 3123 256 3195 ulla
274 3125 344 3196 fere
372 3124 462 3220 apud
489 3146 565 3194 eum
587 3121 710 3218 syllaba
733 3137 858 3212 exstat,
877 3148 950 3218 quae
974 3149 1042 3194 non
1062 3127 1162 3197 animi

119 3244 166 3299 aut
178 3233 314 3302 affectus
336 3229 473 3324 alicujus
497 3232 541 3299 sit
560 3229 756 3300 induciam
779 3245 816 3299 ut
834 3229 876 3299 ad
896 3229 1043 3324 lepores,
1063 3230 1161 3319 sales,

118 3337 240 3428 gratias,
256 3351 292 3408 et
311 3349 501 3406 venustates
520 3337 710 3428 veniamus3
728 3349 855 3405 certum
873 3348 942 3422 est,
961 3335 1030 3404 fere
1047 3358 1163 3405 omnes

118 3465 162 3512 crs
181 3443 247 3514 tolli
269 3467 288 3512 a
310 3441 467 3528 ridiculo,
483 3466 551 3511 non
575 3465 668 3512 secus
693 3465 792 3536 quam
813 3443 848 3511 in
875 3443 942 3508 vita
964 3439 1006 3507 ab
1027 3463 1162 3510 excessu

118 3571 232 3620 morum
251 3552 376 3639 virtus,
391 3548 434 3617 ab
449 3571 583 3617 excessu
598 3561 775 3642 apparatus
795 3549 830 3615 in
846 3569 944 3616 scena
961 3541 1087 3613 tollitur
1103 3571 1162 3616 vo·

119 3647 219 3748 luptas.
247 3657 364 3746 Quare
389 3653 641 3723 Menandreae
672 3655 826 3722 Terentio
854 3651 981 3745 lepores
1012 3651 1162 3722 tribuunt

119 3761 246 3858 antiqui,
264 3761 349 3832 sales
375 3758 492 3830 Plauto
515 3760 671 3840 Horatius
693 3756 874 3829 concedit:
902 3780 983 3849 quos
1009 3783 1161 3827 nonuun-

119 3888 202 3958 quam
219 3869 404 3939 inurbanos
422 3889 491 3936 csse
511 3879 614 3935 notat.
629 3861 715 3934 Audi
731 3860 941 3934 Paterculum
958 3879 966 3925 :
989 3861 1160 3933 «Dulces

117 3995 169 4066 que
179 3976 283 4046 Latini
292 3973 418 4070 leporis
427 3971 553 4042 facetiae
570 3995 629 4066 per
646 3968 1115 4063 Caeeilium,Terentiumque,
1128 3984 1164 4038 et

155 4109 178 4175 Ι,
661 4175 665 4183 ,
982 4102 1006 4166 h
