3040 4866
300 393 350 465 36
522 394 703 464 PUBLIl
729 391 990 464 TERENTII
1017 391 1141 461 AFRI
1254 379 1258 388 ’

299 528 364 597 Cui
386 525 487 596 verba
507 525 586 596 dare
606 525 741 597 difficile
765 539 823 596 est.
844 527 994 596 Primum
1010 524 1080 619 jem
1100 523 1143 595 de
1161 545 1275 594 emore
1296 523 1365 595 hoc

457 633 634 729 comperit3

300 741 358 810 Me
374 737 520 808 infensus
535 753 664 827 servet,
682 763 725 809 ue
743 763 843 835 quam
862 737 981 809 fecium
999 737 1034 806 in
1051 737 1175 833 nuptiis
1190 734 1363 808 fallaciam.

301 847 335 915 Si
354 847 508 933 senserit,
527 846 628 941 perii;
650 859 709 914 aut
727 847 756 916 si
777 843 918 916 lubitum
939 843 1055 932 fuerit,
1077 867 1212 948 causatu
1228 846 1364 940 ceperit.

302 954 380 1042 Quo
388 951 617 1046 jure‚queque
627 951 746 1045 injurie
755 954 958 1048 precipitem
967 975 1021 1020 me
1029 951 1063 1019 iu
1074 951 1249 1045 pistrinum
1257 950 1363 1020 dabit.

300 1058 353 1127 td
368 1059 439 1128 haec
458 1056 544 1127 mela
560 1057 626 1127 hoc
642 1058 723 1127 mihi
741 1057 868 1128 accedit
884 1059 983 1128 etiam
1000 1082 1007 1124 :
1024 1056 1096 1128 haec
1113 1055 1257 1141 Andria,
1325 1089 1365 1128 „s

301 1167 379 1234 Sive
398 1165 460 1234 iste
480 1188 584 1250 uxor,
605 1166 673 1233 sive
692 1166 799 1234 amica
819 1167 879 1249 ’st‚
900 1161 1037 1260 gravida
1060 1187 1079 1233 e
1101 1161 1274 1259 Pamphilo
1294 1177 1367 1250 est,

304 1269 489 1364 Audireque
509 1293 625 1339 eorum
645 1284 695 1340 est
716 1293 825 1366 operae
846 1271 988 1366 pretium
1010 1267 1204 1339 audaciam:

301 1379 389 1447 Nem
406 1376 550 1470 inceptio
567 1373 607 1445 ’st
623 1377 822 1462 amentium,
839 1375 929 1448 haud
947 1377 1138 1446 amantium.

303 1481 473 1577 Quidquid
491 1483 688 1577 peperisset,
699 1483 920 1554 decreverunt
939 1480 1071 1552 tollere:

303 1678 357 1730 eet,
371 1665 389 1718 i.
410 1684 434 1718 e.
450 1665 630 1736 Pamphilum.
642 1695 684 1709 -
696 1663 741 1717 Sin
760 1669 813 1737 opi·
855 1685 910 1720 uon
928 1665 989 1720 eetit
1004 1662 1094 1720 vivide
1102 1665 1181 1719 vertit
1200 1683 1207 1718 :
1223 1691 1235 1714 ι
1248 1665 1271 1718 11
1283 1666 1369 1719 m'en·

305 1747 369 1798 tutor
386 1743 534 1818 Pamphilo.
552 1773 593 1787 -
614 1745 695 1816 Hujus
720 1747 812 1810 muas,
857 1763 933 1800 verre
949 1765 994 1798 eur
1009 1745 1036 1798 le
1053 1745 1149 1815 chemp
1174 1763 1209 1798 eu
1228 1737 1366 1800 moulin..

306 1825 391 1879 minat
404 1825 519 1878 Simonis
533 1823 625 1878 timeo.
899 1825 962 1878 215.
976 1825 1047 1889 Hoc,
1064 1825 1175 1878 melum.
1193 1856 1233 1867 -
1254 1825 1320 1879 Mitt
1339 1826 1370 1880 io

347 1923 413 1959 arr.
437 1904 520 1958 Verba
546 1903 621 1970 dare,
641 1903 730 1958 verbio
754 1921 815 1976 epe·
858 1905 912 1958 mei
940 1903 1099 1976 perniciem,
1120 1904 1167 1976 qui
1188 1901 1299 1958 debeam
1324 1923 1370 1959 ra-

307 1983 384 2038 cioeie
401 2001 490 2038 renem
509 1981 647 2055 decipere,
665 1980 730 2037 dum
747 1984 816 2037 clem
859 1983 960 2038 tionem
982 1985 1082 2038 referre
1102 1982 1136 2036 de
1151 1983 1284 2056 Peroplrili
1302 1985 1368 2038 rite.

309 2065 394 2118 fllium
411 2063 817 2136 adjutorem.-Primum,1n·
859 2093 901 2104 -
919 2063 982 2116 Hoee
999 2063 1106 2118 Ardere.
1125 2061 1177 2116 Per
1198 2063 1251 2116 boc
1269 2083 1370 2118 nornen

307 2145 374 2217 cipit
394 2141 540 2210 declarare,
560 2161 619 2216 quer
640 2143 692 2196 tint
706 2141 818 2196 timendi
859 2142 888 2196 in
913 2161 990 2198 toene
1013 2143 1099 2216 prime
1122 2129 1257 2214 designet·
1282 2144 1371 2198 sumt

307 2243 406 2290 ceum
421 2236 448 2278 et
457 2221 620 2294 respondent
629 2241 688 2294 qua
698 2222 767 2276 intre
778 2241 817 2276 vt.
861 2223 985 2294 Chrysis,
997 2235 1023 2275 et
1033 2241 1106 2276 nunc
1117 2220 1319 2295 intelligendum
1329 2237 1372 2278 eet

312 2303 377 2358 215.
385 2335 427 2346 -
435 2303 492 2356 hm
502 2303 575 2356 refer
584 2301 617 2356 ed
627 2307 746 2372 comperit.
757 2301 819 2355 Non
861 2301 895 2356 tle
904 2302 1029 2374 Glycerio
1039 2303 1104 2376 ipen.
1117 2302 1213 2356 Obiter
1221 2302 1370 2357 notandum

311 2385 348 2438 ite
363 2383 503 2448 Fuimus,
516 2381 558 2434 coi
570 2385 674 2452 primum
682 2384 738 2451 jam
754 2383 818 2436 ἀνα·
861 2394 900 2436 eet
911 2383 946 2436 eb
958 2383 1026 2447 hec,
1038 2401 1092 2436 non
1111 2401 1175 2437 rero
1192 2382 1224 2435 eh
1238 2381 1370 2454 Chryside

308 2462 401 2532 στροφὴ
415 2475 453 2515 eet
463 2479 531 2533 pro,
545 2462 613 2530 ejom
623 2461 768 2531 primum.-
779 2491 820 2504 --
860 2462 977 2516 tabulam
989 2463 1152 2516 nominatum
1165 2481 1227 2516 eece.

315 2542 352 2594 De
366 2559 446 2594 rmore
461 2541 523 2602 too,
540 2539 681 2611 Pamphili.
696 2540 819 2594 ὠθου-
904 2545 970 2596 216.
980 2541 1035 2595 Sive
1043 2545 1091 2594 ieta
1101 2541 1371 2596 micernium

309 2625 389 2692 perit,
404 2619 500 2674 certior
514 2620 597 2674 lectus
609 2632 656 2673 etc
862 2621 969 2689 innuit,
1002 2619 1076 2694 quod
1108 2622 1217 2695 posthac
1252 2619 1371 2693 patebit,

354 2697 819 2771 212.Serret.obeerret.-Quam‚
862 2701 1032 2773 Pamphilum
1066 2701 1181 2756 forteeeit
1215 2701 1371 2774 Glycerium

312 2799 362 2853 pro
377 2779 535 2850 ediquem.»
863 2799 973 2834 uxorem
986 2780 1099 2836 dnxiree.

358 2858 821 2924 21³.Stsemertt,meleeieeelelle·
904 2879 968 2931 217.
997 2862 1107 2927 Audite,
1136 2879 1300 2934 cognoscem·
1330 2891 1372 2902 -

315 2941 391 2994 ciam.
406 2938 543 3003 -Perii,
558 2937 594 2991 de
610 2959 654 2993 me
669 2955 758 2993 aetum
774 2949 821 2992 ett.
865 2941 977 3005 Eorum,
997 2941 1129 3013 Pamphili
1144 2955 1171 2994 et
1186 2938 1314 3013 Glycerii.
1330 2969 1374 2983 —

317 3052 358 3064 -
376 3019 406 3072 Si
423 3019 521 3072 lubitum
533 3020 624 3087 suerit,
642 3019 663 3072 ei
682 3019 718 3072 ite
735 3018 822 3072 rtrum
865 3019 914 3072 Est
924 3025 1026 3091 pretium
1039 3040 1131 3092 opere,
1143 3039 1222 3092 quam
1236 3021 1264 3073 in
1277 3037 1374 3072 eornm

317 3099 342 3152 ei
355 3098 445 3153 suerit.
462 3129 503 3143 -
520 3097 642 3163 amon,
656 3109 821 3168 preteritum.
866 3098 974 3153 audacia
989 3097 1119 3154 audiendo
1133 3099 1333 3172 consumpserit.

318 3210 358 3223 -—
376 3178 488 3250 Caper-it,
505 3196 555 3248 pro
570 3177 708 3250 myria„
725 3189 824 3230 motem
909 3182 975 3234 218.
990 3181 1099 3252 Inceptio
1116 3191 1159 3232 est.
1178 3179 1215 3232 Ee
1236 3197 1278 3232 res
1291 3195 1375 3249 quem

320 3271 470 3328 temporum
484 3256 601 3323 ratione,
614 3270 744 3328 utsupra
758 3255 824 3311 vidi·
866 3255 985 3312 dietorut
1002 3273 1048 3314 eet.
1069 3291 1109 3304 —
1129 3261 1283 3324 Amantium,
1308 3257 1378 3310 tacit

318 3357 377 3394 mue
390 3355 458 3391 rere·
476 3335 539 3390 203.
867 3343 1014 3404 amentium,
1042 3339 1238 3394 Peronomuie.
1265 3339 1377 3391 vetere

359 3422 424 3480 orel.
450 3416 507 3486 Quo
522 3417 595 3486 jure,
614 3435 706 3488 puerque
724 3419 822 3488 ujurta.
868 3435 936 3490 repe
946 3418 1093 3490 jungebant
1107 3435 1185 3472 vocet
1199 3436 1265 3472 tono
1277 3415 1376 3483 simili,

318 3497 418 3569 Aliquo
433 3497 493 3568 jure
505 3507 531 3548 et
546 3495 633 3568 eliqua
648 3494 761 3568 injurie,
774 3515 825 3550 neo
867 3509 895 3552 et
908 3497 1021 3551 absimili
1033 3515 1119 3552 censu
1131 3499 1267 3553 uemoeu.
1278 3515 1286 3550 :
1299 3524 1310 3546 ι
1319 3488 1378 3568 lp.-

318 3578 428 3631 omnino
439 3579 522 3646 juste,
532 3593 582 3630 nec
594 3576 703 3629 omnino
713 3577 824 3646 injuste3
867 3579 995 3648 plectro,
1004 3579 1090 3632 πόλιν
1100 3577 1305 3650 ἡμιτίραν.ιΤίι
1316 3576 1377 3630 Lir.

319 3655 347 3709 id
371 3668 411 3710 eet
426 3657 508 3727 juste,
537 3657 638 3726 injuste,
658 3667 688 3708 ot
711 3654 824 3722 diciorr,
871 3657 977 3729 «magio
995 3671 1123 3721 orrentia,
1146 3676 1226 3728 quum
1246 3659 1376 3710 tommo

318 3735 395 3797 nolis,
418 3735 487 3788 velis.
511 3763 551 3776 -
572 3734 722 3805 Praecipitem
743 3755 780 3786 nee
798 3739 824 3787 iu
867 3755 965 3790 mm.»
987 3737 1044 3791 Cic.
1059 3738 1138 3791 Verr.
1155 3735 1190 3791 tle
1206 3737 1299 3810 signio,
1321 3753 1376 3790 ro:

314 3819 442 3886 perronem
456 3815 531 3866 debit.
549 3813 583 3867 ll.
600 3833 624 3866 e.
646 3832 708 3867 cum
724 3811 825 3886 impetu
870 3816 1016 3870 «Petebant
1026 3820 1167 3889 ereptionem
1177 3835 1248 3884 cere,
1260 3835 1315 3870 non
1327 3835 1378 3868 ere-

192 3953 196 3966 ,
316 3895 344 3950 in
378 3891 517 3964 pistrinum
548 3893 682 3964 conjiciet.
705 3893 825 3964 Proecr'pi·
864 3899 996 3966 ptionen-

316 3991 361 4027 tem
376 3973 444 4036 dare,
454 3971 587 4026 invenitur
596 3973 624 4027 in
637 3971 745 4026 Phorm.
755 3975 827 4039 606,
912 3995 978 4047 ²¹9·
998 3977 1126 4050 Quidquid
1135 3978 1266 4048 peperisset
1278 3973 1378 4048 Glyoe·

313 4073 380 4126 pro,
403 4053 474 4106 soret
497 4052 600 4122 eiicere.
623 4083 663 4096 -
685 4053 826 4106 menier
869 4054 950 4110 rium.
974 4055 1083 4110 Veteres
1106 4069 1201 4113 oeutm
1220 4073 1316 4127 genere
1335 4055 1379 4108 lo·
