3026 4862
448 393 635 462 aanor.
664 395 773 463 aur.
801 394 869 479 ιν,
895 394 963 461 sc.
993 395 1035 460 v.
1193 389 1268 476 423

198 532 289 600 Cur.
311 530 474 596 Fortasse.
494 527 574 596 Srn.
595 528 779 621 Argentum
801 525 934 595 dabitur
954 528 984 620 ei
1004 525 1046 594 ad
1066 526 1215 620 nuptias3

197 639 326 705 Aurum
352 649 452 729 atque
474 649 601 704 vestem
619 633 695 727 qui.
713 682 722 698 .
740 632 913 702 .tenesue?
935 637 1025 704 Can.
1047 629 1253 728 Comparet?

198 745 279 814 Sra.
306 742 347 813 Id
375 742 495 836 ipsum.
517 744 606 812 Cuu.
635 743 681 810 At
706 765 769 836 ego
797 739 844 810 illi
870 765 978 835 neque
1005 739 1049 811 do
1077 764 1184 835 neque
1211 739 1268 807 de·

356 848 516 944 spondeo.
558 849 561 854 ’

195 957 276 1026 sm.
295 954 398 1026 Non?
418 953 671 1045 Quamobrem?
692 956 782 1023 Gna.
802 951 1052 1042 Quamobrem?
1070 955 1128 1022 Me
1150 952 1272 1048 rogas?

356 1063 537 1132 Homini...
562 1064 642 1132 Sru.
662 1063 712 1131 Ut
730 1059 832 1131 lubet.
1228 1090 1269 1142 ‚aa

196 1169 275 1254 Non
296 1193 358 1263 ego
381 1169 550 1256 dicebam,
566 1169 601 1237 in
622 1181 822 1263 perpetuum
840 1166 929 1236 illam
947 1166 994 1236 illi
1012 1180 1050 1235 ut
1066 1166 1179 1252 dares,

197 1277 325 1346 Verum
346 1291 385 1345 ut
402 1274 582 1346 simulares.
599 1277 690 1345 Can.
709 1275 788 1344 Nou
807 1299 881 1343 mea
900 1273 940 1344 'st
957 1273 1147 1356 simulatio:

194 1383 247 1451 lta
267 1396 304 1451 tu
323 1383 413 1453 istaec
434 1398 492 1453 tua
510 1385 665 1471 misceto,
683 1405 725 1450 ne
747 1407 801 1452 me
822 1381 1016 1452 admisceas.

193 1491 285 1584 Ego,
307 1491 362 1559 cui
382 1490 520 1561 daturus
540 1514 609 1560 non
631 1514 725 1576 sum,
747 1503 785 1558 ut
802 1490 831 1558 ei
849 1486 1095 1584 despondeami

194 1673 537 1827 ..ttialdtbl‘ss
550 1673 707 1808 altit
751 1670 1268 1824 ttitbspltttttlbtztlt

194 1844 233 1884 est
251 1851 300 1887 cur
317 1854 373 1887 nou
387 1836 540 1906 intelligam.
557 1865 597 1877 -
608 1835 708 1903 Argea·
750 1831 785 1885 ab
799 1850 828 1884 re
842 1833 947 1885 uxoria·
961 1867 967 1880 ·
980 1833 1023 1885 -in
1037 1833 1209 1898 seditionem,
1224 1845 1261 1888 at·

195 1903 245 1964 lum
255 1915 401 1978 dubitaui,
417 1930 467 1968 etc.
478 1915 520 1967 Cf.
533 1932 627 1983 supra,
641 1914 708 1984 738.
751 1930 804 1983 que
813 1911 841 1962 iu
850 1911 963 1966 incertas
974 1912 1106 1984 nuptias·
1121 1915 1156 1966 Et
1167 1913 1188 1965 ai
1200 1915 1264 1969 velis

235 1995 300 2064 778.
311 1995 374 2046 Mss.
384 1993 493 2065 quidun
503 2007 530 2046 et
538 1991 604 2046 editi
611 1992 709 2046 vetusti
752 1991 1029 2062 magisccnveuicnter
1038 1993 1156 2064 suppleri
1164 1991 1261 2056 ,adde:

195 2085 254 2144 post
268 2071 319 2126 Ed.
332 2077 419 2124 Anon.
432 2087 458 2126 et
469 2072 520 2126 Ed.
535 2093 577 2144 pr.
589 2077 632 2144 qui
643 2093 707 2124 eom·
753 2071 873 2124 abomiai
888 2071 1072 2143 fugitivo,qui
1085 2091 1101 2124 a
1119 2085 1196 2144 patre
1215 2092 1262 2126 au·

190 2163 264 2220 paret
289 2173 299 2204 :
323 2160 442 2204 tenesne?
468 2153 539 2205 Cun.
570 2153 706 2222 Comparari.
750 2151 836 2222 fugit,
864 2152 911 2227 qui
937 2150 1071 2203 meretrici
1091 2151 1212 2223 superbae
1236 2169 1263 2207 et

195 2230 280 2284 Sensu
286 2229 517 2286 nihilodeteriore·
524 2232 569 2284 W
565 2244 609 2284 est.
617 2233 705 2286 Gueli.
750 2243 912 2303 sumptuosa
933 2229 1099 2284 addicitur.»
1113 2262 1153 2274 -
1163 2231 1199 2284 Ut
1210 2234 1260 2286 at.

198 2327 212 2360 a
223 2349 232 2374 ,
256 2322 283 2362 ut
303 2323 431 2382 comparet.
453 2342 494 2356 ι-
514 2313 612 2366 Aurum
634 2325 707 2385 atquc
749 2311 818 2379 Fac,
831 2325 861 2366 ut
874 2309 1050 2368 tibividetur.

176 2403 283 2442 -oestem
303 2399 357 2463 qui·
371 2425 377 2439 ·
391 2404 436 2446 ,ιιι
454 2404 523 2445 emat
534 2405 704 2457 aurum,etc.
791 2394 857 2462 781.
878 2393 909 2444 Ia
929 2403 1079 2462 perpetuum.
1103 2389 1191 2445 Codd.
1214 2394 1261 2447 Be.

194 2469 247 2523 Sed
268 2472 394 2537 verbum,
413 2472 529 2538 omittit,
547 2471 623 2544 qaod
641 2491 705 2544 sup·
748 2491 840 2526 omnes
857 2484 981 2544 perpetuo.
1002 2503 1041 2515 -
1055 2472 1108 2525 Illi.
1124 2472 1204 2527 Both.
1220 2480 1260 2536 ei,·

193 2551 249 2622 plet
262 2547 705 2606 chremes.-Tmasm?1ntetli·
748 2553 808 2624 qui,
831 2551 978 2606 secundum
1003 2553 1116 2618 Perdet,
1140 2571 1194 2606 non
1223 2566 1262 2608 eat

192 2631 283 2701 gisnei
294 2663 335 2672 —
348 2631 491 2704 Compamt,
507 2646 584 2686 emat.
749 2631 906 2686 audiendas.
919 2665 959 2674 --
970 2633 1004 2686 Iu
1011 2644 1159 2704 perpetuam.
1171 2635 1203 2687 In
1214 2648 1263 2688 sta·

233 2730 301 2781 779.
321 2713 362 2766 At
382 2732 428 2784 ego
448 2713 497 2777 tut,
521 2725 572 2767 etc.
588 2712 704 2767 Botbias
747 2713 802 2766 bile
813 2713 987 2766 connubium.

191 2790 271 2862 legit,
284 2802 364 2863 elego
375 2812 449 2866 aeque
458 2793 506 2858 do,
520 2813 595 2866 nequo
604 2798 628 2846 ei
637 2792 705 2864 desp.
788 2795 854 2864 782.
870 2794 928 2846 Noa
945 2813 996 2846 mea
1014 2795 1046 2845 'st
1056 2793 1186 2848 simulatio.
1204 2794 1260 2849 Ad-

192 2870 253 2940 Bip.
268 2873 366 2938 mado,
378 2874 607 2946 necdum-Do,
621 2873 705 2928 filiam
747 2885 822 2928 notat
838 2874 984 2928 Ruhnken.
1007 2874 1036 2926 in
1055 2873 1171 2928 dictatis:
1189 2875 1262 2928 ..Le-

192 2967 278 3004 meam
294 2952 399 3007 Clinia.
410 2955 617 3024 -Despoadeo
637 2955 705 3007 Pro·
748 2953 866 3025 gendum
878 2967 917 3008 est
928 2973 1061 3008 nonmeum
1073 2968 1110 3006 est
1119 2956 1258 3020 simulatio,

191 3030 250 3100 prie
261 3030 343 3084 filiam
357 3031 541 3104 despondebat
552 3035 649 3106 puellae
661 3051 706 3106 pa·
748 3046 779 3087 ut
794 3035 917 3088 meliores
935 3035 998 3088 libri
1017 3034 1128 3108 babent.
1139 3036 1171 3087 In
1188 3035 1262 3090 dete·

191 3122 248 3176 ter3
257 3109 287 3164 id
296 3124 344 3176 cst,
356 3114 530 3183 promittebat
542 3133 649 3186 sponso.
660 3114 705 3167 Ju-
747 3114 865 3169 rioribus
875 3115 970 3187 legitur
979 3131 1027 3166 non
1035 3135 1087 3168 meo
1098 3127 1134 3168 est
1143 3119 1196 3170 sim.
1205 3141 1262 3164 .-

193 3209 257 3243 vmc·
748 3195 807 3248 Nou
821 3215 873 3247 mea
889 3196 921 3248 'st
934 3196 1065 3248 simulatio.
1085 3194 1147 3248 Non
1163 3195 1260 3250 issum

232 3272 300 3342 780.
310 3270 378 3324 Nou.
388 3271 465 3324 Bent.
479 3273 558 3334 Nam;
574 3291 630 3326 non
640 3291 705 3345 pro·
748 3275 796 3346 qui
805 3275 930 3329 simulare
939 3275 1053 3346 possim:
1062 3293 1117 3328 non
1125 3286 1163 3326 est
1172 3293 1261 3328 menna

190 3352 271 3404 bante
292 3350 394 3416 Perlet3
413 3351 511 3404 Botbio
529 3365 617 3405 autem
636 3353 706 3406 reci·
747 3355 863 3408 mentiri.

191 3430 291 3502 pionte.
302 3463 343 3475 -
353 3431 463 3484 Homini.
476 3431 563 3484 Mark.
577 3431 704 3486 etlioend.
789 3433 856 3505 783.
876 3436 949 3487 Istaee
969 3447 1020 3488 reio.
1040 3431 1091 3486 Ed.
1109 3433 1190 3503 prim.
1206 3453 1261 3488 non

190 3508 287 3566 addit:
305 3513 399 3564 Darem
418 3511 485 3566 illam
497 3507 628 3583 fugitivo?
643 3513 705 3567 Cal-
747 3515 866 3586 agnoscit
879 3515 907 3568 τὸ
922 3526 973 3567 tac.
986 3544 1026 3557 -
1042 3513 1153 3567 Miscere.
1169 3513 1262 3570 Bsend.

190 3591 290 3662 phura.
299 3593 502 3662 bommisugitioa
513 3592 705 3646 dabattorhius
748 3608 775 3648 et
788 3593 839 3648 Ed.
854 3595 943 3647 Aaou.
958 3595 1098 3648 admiscere.
1112 3625 1152 3637 —
1163 3596 1204 3649 Ne
1215 3616 1261 3650 me.

190 3671 315 3726 lacunam
336 3685 396 3745 post
415 3674 513 3726 bomini.
535 3674 577 3726 Ita
596 3685 623 3725 et
644 3673 704 3744 Bip.
748 3675 825 3728 Libri
839 3672 948 3746 quidam
962 3685 990 3725 at
1003 3693 1033 3726 ne
1043 3693 1093 3738 me,
1110 3672 1183 3745 quod
1196 3695 1260 3746 pro-

191 3753 223 3803 1n
239 3753 284 3806 Br.
304 3752 338 3808 τὰ
359 3753 396 3806 Ut
409 3753 475 3806 iubet
494 3771 533 3807 rs.
550 3766 705 3824 sequentem
749 3755 816 3808 bant
827 3754 899 3808 Gor.
912 3766 939 3806 et
951 3753 1023 3828 Guy.
1032 3755 1076 3808 W
1073 3767 1117 3807 est.
1129 3787 1170 3799 -
1180 3757 1221 3808 Ita
1235 3767 1261 3810 to

189 3831 332 3904 incipiunt.
355 3865 396 3876 -
420 3827 505 3888 Noa?
529 3833 616 3905 suppl.
640 3834 702 3894 dos,
747 3839 815 3888 berec
823 3847 875 3897 tuo,
887 3846 936 3887 etc.
947 3835 1045 3888 Sensus
1053 3836 1171 3900 cau-Ita
1179 3836 1262 3907 igitur

189 3911 330 3983 despondes.
342 3944 382 3957 -
393 3913 507 3967 Homini·
520 3948 527 3961 ·
540 3913 657 3968 -Mirum
668 3911 704 3967 ad
748 3916 805 3969 brac
819 3914 933 3982 efficito,
949 3927 980 3968 ut
997 3914 1054 3969 siue
1072 3935 1131 3970 mea
1148 3934 1261 3986 persona

190 3991 347 4063 explendam
359 3993 526 4067 aposiopesin
541 3993 706 4050 conveniunt
749 3995 891 4066 compleas.
903 4020 914 4041 ι
930 3995 1010 4066 Eugr.

189 4091 250 4148 quse
259 4073 433 4132 inveniuntur
445 4075 471 4129 in
483 4073 567 4130 Andr.
584 4077 656 4144 8²9,
666 4093 703 4148 aq.
792 4077 857 4147 784.
872 4075 935 4146 Ego.
945 4075 998 4130 atii
1007 4077 1250 4147 egoa'.-Noasam

1094 4189 1105 4220 a

1036 4211 1082 4307 ,²7
