2968 4856
148 351 461 485 runnu
504 361 948 489 rnnnnrrr
994 302 1211 500 lent,
1275 319 1278 330 ’

229 639 1123 754 HEAUTONTIMORUMENOS.

559 905 799 929 ...ο-ιι·-

472 1097 887 1190 PROLOGUS*

615 1357 750 1378 *a

153 1548 238 1672 Nn
256 1591 309 1660 cui
327 1589 369 1658 sit
386 1589 531 1657 vestrum
550 1587 692 1673 mirum,
710 1601 771 1656 cut
788 1603 898 1681 partes
917 1593 985 1658 seni

151 1703 251 1768 Poeta
270 1696 418 1780 dederit,
435 1717 509 1786 qum
527 1707 605 1761 sunt
624 1691 899 1778 adolescentium,

152 1805 188 1872 ld
209 1805 353 1899 primum
372 1799 495 1886 dicam3
517 1797 653 1886 deinde,
669 1798 758 1892 quod
775 1801 868 1886 ueni,
884 1799 1027 1894 eloquar.

190 2031 342 2102 *Prologus
356 2029 503 2082 concitatus
522 2041 528 2080 τ
549 2046 611 2080 nam
636 2040 664 2080 et
706 2045 742 2078 no
756 2044 763 2078 τ
779 2028 811 2079 Id
819 2029 903 2079 deinde
921 2030 1017 2091 dicam
1032 2034 1147 2101 primum,
1165 2050 1213 2088 etc.

154 2133 180 2166 se
200 2123 310 2184 purgat,
327 2122 354 2162 et
370 2107 550 2161 adversarium
569 2107 663 2160 acriter
707 2107 826 2176 Uterque
845 2107 949 2160 inverso
969 2107 1071 2163 ordine.
1088 2111 1154 2164 «llis
1177 2115 1215 2167 le·

155 2205 243 2245 terret.
255 2194 358 2243 Auctor
368 2206 475 2259 quoque
485 2223 493 2252 ,
504 2205 535 2238 ex
545 2203 665 2238 commo·
705 2185 856 2251 ctionihus,
874 2187 911 2239 ait
932 2189 1082 2260 Antesign.,
1101 2193 1214 2244 evitatur

154 2271 188 2324 do
204 2290 268 2335 suo,
282 2287 330 2322 our
340 2267 410 2320 hanc
427 2264 562 2319 conludio
581 2267 663 2318 actio·
705 2264 891 2336 hysterologia,
902 2283 971 2337 quse,
982 2267 1005 2319 si
1018 2269 1121 2340 vulgata
1132 2271 1213 2324 lectio

154 2369 213 2403 nem
227 2348 384 2419 susceperit,
398 2361 489 2400 musas
500 2345 585 2398 allert.
603 2345 663 2397 cat·
705 2357 838 2407 remanet,
853 2345 880 2396 in
898 2347 1066 2418 sequentibus
1081 2353 1211 2422 conspici.

153 2432 241 2500 ptam,
706 2435 764 2489 tur;
781 2425 832 2476 nisi
850 2443 893 2477 sex
911 2439 1046 2495 sequentes
1060 2444 1149 2482 versus
1164 2445 1213 2501 per

197 2530 222 2563 r.
239 2508 293 2562 Cur
302 2519 398 2577 partes,
412 2506 440 2557 in
456 2505 487 2559 C.
503 2505 538 2558 G.
550 2521 586 2556 m.
601 2503 664 2556 Per·
704 2503 872 2574 parenthesin
883 2504 1033 2574 legantur.»
1046 2508 1212 2578 ...Quom

155 2591 221 2641 letus
233 2589 297 2658 legit
316 2584 435 2640 additum
450 2589 594 2654 precr'puas.
622 2613 662 2624 --
705 2583 765 2636 Par.
787 2581 815 2636 in
834 2601 915 2654 marg.
933 2601 965 2636 ex
988 2584 1054 2639 Pall.
1079 2607 1140 2659 qim,-
1160 2589 1212 2641 Ed.

156 2671 242 2723 Partes
257 2687 311 2740 qua
330 2676 387 2718 sunt
409 2665 512 2716 adolere.
521 2663 662 2733 Intellige,
705 2663 792 2734 prima
806 2663 870 2734 quid.
884 2693 924 2704 ·—
940 2665 987 2729 Id,
1002 2683 1038 2718 sc.
1050 2685 1098 2719 cur
1110 2669 1212 2720 Teren-

154 2747 318 2818 prorinciam
331 2742 459 2798 recitandi
469 2742 591 2814 Prologi3
603 2761 662 2813 ques
706 2743 758 2796 tius
768 2741 834 2796 mibi
844 2754 930 2813 partes
936 2745 1040 2815 prologi
1051 2745 1211 2799 dederit...

155 2828 253 2882 seilicet
285 2823 499 2880 adolescentibus
533 2822 662 2875 committi
704 2821 808 2873 Deinde.
835 2823 975 2891 Postquam
995 2823 1063 2877 illud
1088 2823 1212 2891 edmero,

155 2909 316 2972 solebat,ut
334 2923 366 2958 ex
385 2903 513 2956 hocloco
532 2901 663 2971 conjicere
704 2899 778 2971 quod
802 2900 893 2954 attinet
917 2899 950 2954 ad
975 2903 1118 2957 novitatem
1142 2907 1210 2958 senis

156 2987 225 3040 licet.
244 3017 284 3029 -
304 2984 374 3045 Seni,
400 3001 435 3036 sc.
450 2980 532 3046 mihi,
551 2981 597 3052 qui
616 2999 662 3033 vos
703 2981 843 3052 prologum
854 2981 1044 3036 recitantis.-—
1058 2985 1133 3053 Quod
1142 2990 1208 3048 ueni,

156 3085 226 3120 nunc
250 3063 380 3136 alloquor.
405 3062 456 3115 llic
482 3072 568 3114 eutem
592 3079 663 3112 senec
704 3062 809 3134 eloquas.
819 3059 851 3113 ld
864 3061 950 3133 ipsum
962 3062 1084 3133 eloquar,
1097 3064 1169 3135 quod
1182 3065 1210 3117 in

157 3147 238 3199 totius
257 3155 374 3198 actorum
394 3142 479 3213 gregis
494 3153 551 3192 erat
567 3137 621 3192 dux
636 3152 663 3192 et
704 3141 793 3192 animo
806 3140 892 3193 habeo
905 3139 1008 3201 dicere,
1022 3161 1105 3213 quum
1121 3145 1209 3196 venio.

157 3225 293 3286 dominns,
306 3236 338 3276 nt
354 3221 473 3275 indicant
491 3234 593 3283 versus,
608 3225 661 3282 44,
705 3220 809 3290 Duplex
822 3239 885 3290 ergo
896 3222 1098 3292 agimrqmestio
1108 3224 1209 3293 :primo

160 3306 210 3367 tt:
224 3303 386 3354 Leboriososi
394 3311 498 3374 quaest,
509 3312 557 3351 etc.
568 3297 660 3369 Igitur,
705 3297 830 3370 quidem,
844 3303 906 3351 senis
923 3305 1081 3362 interventus5
1096 3301 1208 3365 deinde,

157 3385 256 3455 ubsque
276 3381 378 3446 dubio,
400 3391 518 3436 versatur
537 3395 609 3430 nunc
633 3379 661 3429 in
705 3379 765 3451 quid
775 3379 839 3429 dicet
853 3379 894 3429 ille
907 3383 949 3452 qui
965 3383 1091 3431 intervenit
1104 3371 1210 3448 (omisso

158 3481 232 3516 scena
253 3461 311 3532 ipse
331 3462 363 3513 L.
384 3459 524 3512 Ambivius
539 3459 661 3528 Turpio,
704 3461 758 3529 jam
770 3459 912 3511 senectutis
925 3455 1211 3521 mentione).-Henc

157 3545 302 3613 primarum
313 3541 359 3594 hic
367 3539 446 3592 etiam
456 3539 570 3610 partium
579 3550 662 3590 actor.
707 3550 795 3590 sutem
810 3535 980 3607 partitionem
999 3537 1139 3608 diligenter
1157 3559 1212 3592 ser·

159 3621 222 3676 Vid.
233 3618 475 3682 lumiminum,
486 3629 542 3670 not.
556 3623 582 3679 4.
708 3630 759 3670 vat.
770 3615 848 3680 Quod
860 3616 948 3685 primo
961 3630 1150 3688 proposuerat,
1160 3619 1212 3671 Cur·

199 3722 225 3754 a.
248 3701 449 3753 Adolescentt'um.
471 3693 518 3749 Br.
534 3697 666 3749 contrahit
706 3708 789 3768 partes
803 3699 855 3747 seni
867 3696 945 3747 Poeta
963 3695 1072 3761 dederit,
1088 3717 1142 3770 quur
1158 3711 1213 3750 sum

158 3781 337 3834 adolescentum.
641 3799 645 3808 ·
711 3775 1212 3846 adolescentium,primoitemsolvit,vs.
1242 3819 1244 3826 .

200 3861 226 3916 3.
243 3861 275 3912 Id
281 3865 384 3931 primum
394 3859 487 3920 dicam
503 3856 603 3918 deinde,
617 3869 666 3910 etc.
715 3875 763 3913 rr,
787 3873 824 3926 sq.
846 3855 973 3907 oratorem
995 3875 1043 3907 esse
1062 3857 1143 3908 uoluit
1162 3875 1212 3920 me,

161 3941 305 3993 Palmerius
317 3940 382 4010 legit
399 3957 406 3990 ι
424 3939 457 3990 Id
472 3937 550 3989 dicam
565 3935 667 3997 deiectu
712 3955 759 3988 non
772 3935 914 4006 prologum·
930 3935 1041 3988 Vestrum
1051 3936 1168 4006 judicium
1174 3938 1216 4004 se-

159 4023 258 4088 primum
273 4040 297 4091 q.
314 4041 340 4072 o.
355 4021 386 4071 el.
403 4018 550 4089 Guyetuse
566 4019 668 4072 Gotee·
712 4019 760 4079 cit,
774 4035 808 4067 me
828 4025 928 4066 actorem
947 4015 1021 4069 dedit.
1040 4014 1122 4081 Quod
1129 4030 1218 4070 autem

906 4137 924 4217 J
1001 4121 1068 4192 20²
