3014 4860
352 435 539 504 untur.
568 435 678 504 lcr.
706 436 776 520 rr,
804 435 873 503 sc.
903 433 972 500 vt.
1122 433 1198 525 427

129 569 175 636 Ut
196 579 231 635 te
250 563 383 660 quidem
402 589 519 636 omnes
536 565 594 637 Dii
612 569 778 660 Deaetpre,
793 579 956 662 quantum
976 563 1031 650 ’st,
1046 566 1147 658 Syre,
1161 593 1203 632 ιω
1236 605 1245 620 ⁴

128 676 215 743 Cum
239 686 298 741 tuo
320 674 404 742 istoc
423 675 560 743 invento
584 697 729 767 cumque
750 673 882 767 incepto
901 666 1073 768 perduint!

128 778 328 873 Hujusmodi
343 779 424 849 mihi
444 805 496 850 res
514 804 647 875 semper
664 781 933 866 comminiscere,

127 887 196 955 Ubi
215 911 270 955 me
291 886 514 957 excarnifices.
536 889 617 957 Srn.
632 889 650 956 Ι
668 899 705 955 tu
725 886 804 955 hino
824 911 891 980 quo
910 886 1030 981 dignus
1050 910 1094 955 es.

128 993 241 1082 Quam
263 1016 358 1087 ptene
378 1008 433 1063 tua
456 1019 509 1062 me
531 993 676 1089 perdidit
695 988 907 1088 protervitas!

128 1101 230 1170 Curr.
246 1098 375 1172 Vellem
392 1099 503 1170 hercle
522 1101 665 1188 factum,
682 1101 728 1170 ita
746 1101 868 1171 moritu
883 1099 918 1170 's.
934 1101 1015 1172 Srn.
1035 1085 1214 1169 Meritus?

288 1205 493 1296 Quomodo?
1165 1231 1203 1272 ns

128 1311 190 1382 Nae
205 1337 259 1381 me
274 1314 359 1382 istuc
374 1313 466 1409 prius
481 1339 521 1384 ex
537 1329 570 1384 te
584 1314 749 1385 audivisse
766 1313 912 1409 gaudeo,

129 1545 203 1600 Edit.
216 1549 305 1601 Anon.
322 1547 445 1601 excludar.
457 1548 547 1604 Weet.
564 1550 606 1602 Itu
620 1561 647 1602 et
688 1548 872 1602 talibuerebue
878 1567 921 1601 rue
929 1548 1053 1601 minutim
1060 1547 1204 1600 excrucier.

130 1626 219 1680 Guell.
238 1645 264 1681 u.
689 1659 730 1674 -·
741 1629 760 1680 1
771 1640 798 1680 tu
817 1629 873 1680 ltine
889 1647 936 1700 quo
952 1628 1041 1698 digmu
1055 1647 1087 1679 es.
1104 1627 1205 1680 Similis

171 1708 239 1761 exo.
257 1705 292 1760 Ut
306 1719 329 1760 te
341 1707 436 1780 quidem
447 1727 536 1761 emm.
549 1707 645 1774 Pauci,
691 1706 843 1762 exsecrandi
856 1707 970 1761 formula
981 1707 1140 1783 occure-itin
1152 1707 1205 1760 Eu-

130 1799 157 1840 ut
170 1799 193 1838 te
204 1807 285 1840 omnes
298 1789 400 1860 quidem.
415 1789 507 1855 Nulli,
521 1799 549 1840 ut
562 1800 585 1840 te
598 1807 647 1840 om-
689 1789 771 1841 uuclr.
781 1807 818 1842 rs.
832 1785 1205 1860 6⁵1,ubividenom;pag.

130 1887 172 1920 ues
184 1868 300 1940 equidem.
315 1897 356 1910 -
370 1868 420 1920 Du
434 1868 549 1940 Deoeque.
564 1866 647 1940 Apud
693 1887 808 1922 no.-
820 1868 883 1922 Nou
893 1879 1034 1921 excusatae
1044 1867 1143 1940 Syrus:
1159 1866 1205 1920 sed

131 1947 226 2002 Faeru.
243 1948 376 2001 omittitur
390 1969 453 2021 φης
467 1950 530 2002 item
544 1949 648 2002 faciunt
692 1949 894 2014 recriminetur,
912 1947 1010 2001 fiducie
1030 1949 1132 2018 urgenti
1148 1949 1205 2018 jem

131 2027 212 2096 noui,
232 2028 330 2099 Delph.
349 2060 390 2072 -
412 2030 462 2095 Ut,
480 2030 592 2082 utinum.
609 2061 648 2071 -
690 2029 776 2102 parati
791 2029 882 2082 fretus.
899 2029 965 2094 Quae
982 2029 1063 2082 cleris
1082 2027 1208 2080 concilie-

134 2109 259 2177 Quentum
277 2110 326 2172 'st,
347 2121 485 2181 quotquot
506 2121 577 2162 eunt.
591 2109 647 2162 Tit.
692 2109 784 2163 tionis.
798 2109 901 2164 Boecler.
1011 2138 1016 2148 =

130 2187 259 2254 Liv.111,
273 2187 308 2242 ’ὅ
325 2206 332 2240 :
349 2215 360 2237 ι
374 2187 516 2261 Quidquid
529 2191 648 2242 Deorum
733 2193 801 2253 814.
821 2182 941 2241 P'erdtdtt.
959 2188 1048 2241 Murlt.
1067 2183 1162 2238 Boend.
1181 2197 1209 2237 et

133 2281 203 2321 eet.-
691 2268 766 2324 Edit.
777 2272 865 2323 Auon.
874 2268 992 2340 prodidit.
1002 2268 1043 2320 Ita
1053 2280 1079 2320 et
1089 2267 1140 2320 lde.
1148 2266 1207 2318 Boe-

175 2351 240 2404 811.
256 2347 318 2400 Cum
342 2343 476 2402 tuo't'stoc.
494 2350 590 2402 Delent
610 2362 651 2401 tuo
692 2351 766 2404 cleri.
779 2349 863 2403 West.
877 2380 917 2392 -
932 2348 1208 2418 Protervirasdmpor·

133 2426 649 2483 FeernueetZeun.-Purdttint.Guelf.
694 2430 806 2494 tunites,
822 2428 864 2482 vel
878 2429 1032 2501 petulentia.

91 2556 94 2565 Δ
134 2527 167 2573 u,
193 2509 308 2579 perdunt.
337 2541 378 2552 -
402 2511 519 2575 Invento,
548 2513 651 2580 incepto.
736 2510 803 2565 815.
821 2511 914 2562 Vellem
930 2510 1008 2561 ltercle
1017 2511 1131 2577 sactum,
1149 2504 1207 2558 scil.

133 2587 223 2641 Primo
247 2588 403 2655 invenitur,
427 2589 491 2644 dein
520 2589 651 2661 incipitur
694 2585 1211 2662 utteproterritusmeeperdidiseet.—

133 2667 486 2726 machinatio-Perdunt.
500 2671 652 2742 Antiquam
693 2673 736 2725 Ite
756 2672 873 2723 meritu's.
896 2669 1005 2722 Dictum
1028 2686 1078 2739 per
1097 2665 1210 2737 epipho-

134 2759 173 2800 ett
184 2761 211 2801 et
221 2749 470 2804 Plautinum-Ad
477 2752 597 2823 jurgium
608 2769 652 2802 ex·
694 2769 782 2804 neme.
806 2781 846 2793 -
871 2750 982 2802 Merittu.
1008 2749 1111 2801 Vocem
1140 2744 1210 2798 hauc

133 2823 271 2881 citandum
286 2829 342 2883 huc
356 2830 417 2884 lieri
431 2825 652 2885 adnotetBoecle·
694 2832 794 2902 repetit
814 2829 896 2901 Syrus
917 2835 1055 2900 μιμητικῶς
1071 2843 1078 2878 :
1096 2825 1212 2896 ·Egone

134 2926 189 2961 rue.
205 2908 268 2963 lltee
281 2909 353 2962 euim
366 2911 571 2981 Clitiphonem,
585 2909 651 2962 dum
696 2911 808 2964 meritus
824 2929 883 2963 eum
904 2922 935 2962 ut
948 2908 1081 2980 perirem,
1095 2918 1128 2958 ut
1141 2904 1213 2957 malo

135 2987 302 3059 ingreditur,
316 2987 448 3043 dicentem
464 2991 548 3062 Syme
559 2988 651 3054 audit,
695 2989 846 3044 macterer?
863 3016 876 3037 ι
886 2989 972 3042 Vultu
985 2999 1097 3060 augetur
1106 2997 1213 3040 senten-

135 3081 162 3121 et
174 3087 238 3122 mox
249 3069 366 3121 invicem
380 3068 492 3124 incuset.
609 3131 612 3138 Ι
696 3071 741 3124 tia.
754 3069 904 3142 Loquitur,
916 3069 962 3140 qui
975 3068 1096 3121 conscius
1107 3064 1158 3120 ribi
1173 3076 1213 3117 eet

176 3149 244 3202 812.
260 3149 411 3218 Hujusmodt'
428 3151 487 3201 mitt
508 3169 554 3202 nes.
571 3151 651 3222 Vulp.
696 3169 856 3222 magnorum
870 3150 898 3202 iu
910 3147 1093 3219 Clitiphonem
1106 3144 1214 3198 merito·

135 3227 217 3282 Both.
229 3247 286 3282 nou
297 3228 425 3282 exhibent
440 3230 505 3280 milti.
521 3231 590 3282 Dant
604 3248 654 3283 cte·
696 3249 766 3285 rum.
779 3232 872 3302 Itaque
893 3247 957 3282 mox
977 3227 1010 3281 de
1031 3223 1162 3280 mutando
1184 3223 1213 3274 in
1285 3235 1287 3240 ’

135 3307 188 3361 teri
211 3327 305 3361 omnes
326 3309 403 3361 Bent.
432 3309 461 3361 Z.
488 3307 558 3360 Perl.
584 3310 655 3363 Dunt
697 3325 831 3383 posterum
844 3304 1123 3378 unimomiuasjacit:
1138 3302 1214 3375 quati

136 3388 225 3441 Murk.
240 3388 338 3459 Delph.
350 3387 499 3460 Hujutmodt‘
511 3392 545 3440 mi
555 3409 601 3442 res.
614 3419 655 3433 -
696 3389 870 3454 beneficium,
884 3387 984 3442 interea
1000 3383 1150 3457 Clitiphoni
1164 3401 1213 3454 pu·

138 3468 331 3521 Comminiseere.
345 3469 399 3522 Pro
412 3471 610 3533 comminisceris,
626 3467 654 3521 id
696 3483 803 3534 ratum,
818 3469 1016 3540 interceptum
1029 3466 1145 3538 ingrato.
1157 3464 1214 3517 Βα-

137 3547 268 3618 eetfingis.
279 3549 350 3602 Hinc
360 3561 555 3603 commentum.
566 3548 654 3614 Alibi,
697 3551 782 3602 clerus.

137 3627 224 3681 Andr.
236 3647 275 3682 ve.
293 3628 438 3700 2²5‚huj.
452 3630 506 3683 vol.
522 3648 584 3700 pag.
600 3629 655 3699 37:
738 3631 804 3682 816.
835 3627 886 3683 Noe
914 3645 958 3678 me.
980 3624 1066 3679 Bentl.
1092 3623 1213 3679 confutat

141 3707 264 3780 «Atiptis
271 3721 424 3762 commentum
433 3711 545 3782 placet·
557 3709 654 3782 Culph.
699 3707 807 3763 doemm
826 3703 990 3780 quemdem,
1002 3704 1048 3777 qui
1067 3714 1145 3774 putet
1160 3721 1215 3755 uu·

180 3787 247 3843 81³.
258 3789 276 3839 I
282 3801 308 3841 tu
316 3789 380 3841 hinc.
389 3790 526 3843 Lib.Vict.
538 3794 563 3842 in
572 3778 654 3860 (ime).
699 3809 786 3843 rueros
797 3791 854 3843 lore
863 3787 995 3850 meliores,
1005 3786 1027 3838 ei
1038 3803 1073 3835 me
1083 3781 1214 3838 deleatur.

139 3867 219 3922 Both.
235 3868 273 3920 in’
287 3881 337 3921 tute
350 3871 422 3933 ltine,
440 3883 490 3924 etc.
508 3869 602 3923 Bemb.
624 3873 655 3924 is.
699 3899 740 3915 -·
751 3870 824 3926 Prt‘ru
836 3887 866 3920 ee
877 3879 907 3921 te.
920 3869 1062 3920 invertunt
1073 3861 1117 3916 ulii
1130 3899 1137 3922 ,
1150 3883 1180 3914 ex
1191 3873 1214 3913 tc

141 3949 245 4001 Volunt
259 3948 304 4001 ulii
319 3951 385 4012 tbtn,·
400 3948 551 4022 etquidem
569 3951 655 4022 euepi·
696 3954 772 4020 prius.
782 3981 820 3990 -
829 3950 900 4000 Istuc.
910 3945 1135 4000 ‘l'eleconriciuur
1143 3984 1151 4009 ,
1162 3942 1213 3994 tale

140 4040 235 4081 cuntur
244 4031 293 4092 sis,
306 4028 418 4102 perinde
432 4043 472 4084 est
484 4050 513 4085 uc
525 4034 605 4084 sivit.
616 4063 656 4074 --
699 4043 800 4082 votum.
814 4061 853 4072 --
871 4029 955 4092 Prius,
969 4030 1049 4099 junge
1065 4045 1128 4081 cum
1141 4041 1213 4097 quam

144 4108 194 4161 tJbt
217 4127 253 4161 me
270 4109 430 4163 excarnidces.
450 4111 487 4163 Ut
508 4111 562 4176 ibi,
581 4111 653 4164 utin
699 4129 789 4162 versus
804 4109 944 4181 sequentis.
