2890 4866
266 373 339 422 exn
510 349 698 420 ructon
726 348 787 417 DE
815 348 1065 418 cottonem.

266 497 323 579 gat
349 483 559 554 introrsum:
586 495 702 552 contra
725 505 805 550 vero
829 479 1031 574 ἀντίστροφος
1053 481 1147 551 lineis
1167 480 1357 553 clauditur

266 590 375 678 binis,
395 613 536 683 quarum
563 604 749 658 extrorsum
779 588 910 681 utrique
935 586 1046 682 anguli
1073 603 1228 683 vergant,
1253 591 1356 660 hinc

268 695 344 764 inde
372 694 467 764 finale
493 695 697 782 membrum,
720 717 854 764 carmen
881 690 1005 764 scilicet
1030 692 1184 764 ultimum
1207 695 1354 790 ample·-

266 816 404 872 etentes.
423 804 550 871 Verum
580 825 619 870 ex
651 801 691 870 iis
722 799 884 869 duntaxat
912 823 981 869 uno
1014 798 1098 870 solet
1123 801 1355 896 ἀντεπίρῤημα

269 905 431 978 concludi.
451 908 535 995 Quae
556 905 653 1001 plane
671 907 781 1001 signa,
798 921 898 1000 prout
914 903 1025 1001 anguli
1040 931 1110 976 sese
1123 908 1264 995 habent,
1284 908 1350 978 vel

268 1012 433 1100 futuram,
446 1012 499 1080 vel
519 1014 719 1107 praeteritam
739 1010 934 1080 raditionem
957 1011 1144 1082 ostendunt.
1167 1017 1239 1083 Hoc
1263 1019 1350 1084 De-

267 1123 403 1190 metrius
424 1116 477 1188 ille
487 1117 661 1188 Triclinius
677 1118 823 1188 scribens
841 1120 874 1186 in
892 1117 1145 1213 Aristophanem
1163 1122 1348 1216 excogita-

269 1229 327 1296 vit.
342 1211 581 1297 Verhmtamen
600 1227 686 1294 inter
704 1239 820 1293 cantus
839 1238 945 1318 poetae
966 1250 1204 1320 nonnunquam
1223 1253 1349 1322 perso-

269 1357 330 1402 nas
359 1332 499 1401 educere
528 1330 659 1419 solent,
686 1355 826 1426 quarum
859 1330 1044 1400 dissertatio
1074 1334 1218 1426 σύστημα
1251 1333 1349 1404 κατὰ

269 1441 435 1535 περικοπὴν
454 1436 661 1532 appellatur:
685 1437 848 1506 interdum
872 1437 1021 1508 versibus
1043 1436 1176 1508 alternis
1196 1454 1346 1510 conten-

269 1546 384 1614 dentes
415 1542 540 1638 aliquot
565 1543 740 1638 proferunt
766 1541 959 1630 histriones,
984 1543 1036 1613 vel
1064 1544 1205 1614 chorum
1233 1548 1343 1616 etiam

270 1650 525 1745 respondentem
553 1675 560 1718 :
590 1649 680 1744 quod
711 1648 925 1744 Hephaestion
949 1649 1078 1720 videtur
1095 1653 1339 1746 ἀλλοιόστροφον

270 1755 447 1852 appellare.
463 1758 591 1826 Verum
617 1757 678 1825 has
703 1771 739 1826 et
762 1754 842 1825 alias
868 1755 1019 1826 consulto
1037 1759 1342 1852 pretermittendas

270 1889 341 1932 esse
367 1863 510 1949 arbitror
540 1864 753 1957 quaestione's,
782 1887 856 1957 quae
888 1863 971 1932 mira
999 1878 1172 1960 poetarum
1203 1863 1341 1936 licentia

271 1970 478 2064 gignuntur:
503 1984 633 2039 constat
654 1970 739 2038 enim
762 1966 824 2037 illis
848 1968 930 2038 nihil
956 1995 1101 2064 unquam
1122 1994 1190 2039 non
1209 1971 1339 2042 auden-

270 2075 360 2144 dum.
382 2076 550 2165 Quocirca
570 2075 684 2161 nobis,
699 2074 741 2143 de
759 2073 864 2144 choro
884 2077 1025 2146 certiora
1046 2079 1257 2166 consectatis,
1271 2103 1337 2172 pro

271 2183 408 2250 materia
432 2183 509 2252 satis
530 2181 726 2276 abundeque
744 2181 869 2250 dictum
890 2206 960 2252 esse
976 2183 1144 2268 videatur,
1165 2184 1337 2278 quomodo

149 2335 157 2358 t
270 2289 454 2384 praesertim
478 2290 511 2358 in
533 2289 630 2358 Nova
646 2287 817 2358 Comoedia
838 2287 959 2358 chorus
981 2287 1109 2358 nullutn
1133 2289 1335 2374 habeat,vel

272 2395 393 2465 habere
418 2397 563 2490 potuerit
589 2393 708 2464 locum.
728 2393 894 2488 Siquidem
913 2395 1071 2479 Athenis,
1094 2421 1198 2490 quum
1223 2399 1335 2466 omnia

264 2505 473 2597 :potentiores
493 2501 535 2570 ad
553 2501 724 2570 arbitrium
747 2525 843 2569 suum
862 2527 1018 2570 revocare
1039 2503 1231 2596 coepissent,
1253 2501 1334 2572 nulli

266 2607 412 2703 ‚amplius
439 2608 637 2677 creabantur
664 2605 786 2677 AEdiles
812 2633 820 2675 ε
851 2607 1053 2703 perindeque
1077 2610 1264 2703 sumptibus
1290 2609 1333 2678 ad

272 2713 406 2786 alendos
418 2715 579 2808 juvenum
599 2713 720 2784 choros
740 2714 895 2782 institutis
911 2713 1053 2808 populus
1071 2715 1162 2784 abuti
1181 2716 1332 2810 prohibe·

272 2821 371 2890 hatur
386 2847 393 2890 ε
410 2821 499 2916 quod
518 2817 738 2916 particulatim
755 2845 773 2888 a
792 2819 942 2890 Platonio
962 2819 1101 2915 legimus
1120 2821 1330 2916 disputatum.

271 2927 312 2996 Id
325 2930 434 3022 itaque
446 2926 744 2996 animadvertentes
755 2941 876 3020 poetae,
891 2927 1171 3020 quemadmodum
1185 2927 1250 2998 lata
1263 2927 1331 3023 lege

272 3034 313 3103 de
329 3059 397 3102 non
411 3033 577 3128 carpendo
592 3033 802 3118 nominatim,
817 3034 954 3102 materia
968 3035 1168 3120 mutabatur,
1177 3036 1223 3104 ita
1235 3037 1329 3104 etiarn

266 3139 443 3210 cantilenis
475 3139 640 3208 abstinere
670 3141 799 3234 penitus
826 3139 1074 3209 decreverunt:
1107 3140 1260 3235 quodque
1282 3165 1329 3210 sa·

272 3248 418 3341 pientes,
430 3271 532 3340 quum
545 3247 690 3342 tempori
705 3245 888 3315 cedendum
904 3261 965 3333 est,
981 3247 1114 3344 efficere
1131 3246 1248 3334 solent,
1260 3273 1329 3342 quae

268 3368 345 3422 erat
369 3355 561 3440 necessitas,
583 3355 617 3422 in
643 3355 798 3422 virtutem
824 3353 990 3446 egregiam
1016 3353 1224 3448 transtulere.
1246 3354 1327 3424 Nam

271 3473 364 3528 actus
378 3457 508 3528 Fabulae
522 3461 569 3530 sic
583 3459 725 3554 agebant
738 3447 924 3552 colligatoS,
939 3475 976 3528 ut
989 3485 1048 3554 per
1061 3459 1249 3548 intervalla,
1261 3485 1328 3556 quae

230 3627 234 3634 .
270 3565 402 3658 quidem
420 3580 514 3635 erant
532 3567 683 3646 minima,
705 3564 819 3634 saltem
843 3589 927 3634 unus
945 3567 1059 3636 histrio
1078 3565 1327 3661 relinqueretur,

271 3685 330 3738 aut
349 3671 549 3765 frequentius
571 3671 758 3766 complures
777 3668 910 3740 alternis
928 3673 1013 3740 inter
1029 3699 1064 3742 se
1082 3673 1250 3743 versieulis
1264 3673 1327 3742 dis·

273 3792 426 3848 serentes.
452 3782 603 3874 Deinquc
627 3776 708 3848 nihil
731 3777 851 3878 vetusti
869 3777 961 3847 chori
987 3780 1158 3874 proprium
1181 3781 1325 3850 observa·

274 3883 375 3952 bant:
396 3885 674 3980 quemadmodum
696 3884 729 3952 in
750 3885 980 3979 Aristophanis
1001 3883 1097 3956 Pluto
1121 3885 1243 3956 Fabula
1265 3901 1326 3956 tute

267 3989 466 4086 jampridem
481 3994 599 4062 vidisti.
623 3991 661 4062 ld
682 3993 797 4061 Horat.
821 3993 866 4060 ita
885 3992 1001 4062 cecinit
1019 3996 1089 4062 Art.
1109 3995 1144 4062 P.
1171 3991 1261 4065 283:
