<?xml version="1.0" encoding="UTF-8"?>
<!DOCTYPE html PUBLIC "-//W3C//DTD XHTML 1.0 Transitional//EN"
    "http://www.w3.org/TR/xhtml1/DTD/xhtml1-transitional.dtd">
<html xmlns="http://www.w3.org/1999/xhtml" xml:lang="en" lang="en">
 <head>
  <title>
</title>
<meta http-equiv="Content-Type" content="text/html;charset=utf-8" />
  <meta name='ocr-system' content='tesseract 3.04.00' />
  <meta name='ocr-capabilities' content='ocr_page ocr_carea ocr_par ocr_line ocrx_word'/>
</head>
<body>
  <div class='ocr_page' id='page_1' title='image "./publiiterentiia04lemagoog/publiiterentiia04lemagoog_0584.png"; bbox 0 0 3014 4860; ppageno 0'>
   <div class='ocr_carea' id='block_1_1' title="bbox 309 405 1143 510">
    <p class='ocr_par' dir='ltr' id='par_1_1' title="bbox 309 405 1143 510">
     <span class='ocr_line' id='line_1_1' title="bbox 309 405 1143 510; baseline -0.013 -25"><span class='ocrx_word' id='word_1_1' title='bbox 309 413 384 510; x_wconf 78' lang='lat'>370</span> <span class='ocrx_word' id='word_1_2' title='bbox 529 407 712 479; x_wconf 88' lang='lat' dir='ltr'>PUBLll</span> <span class='ocrx_word' id='word_1_3' title='bbox 738 405 994 476; x_wconf 83' lang='lat' dir='ltr'>TERENTII</span> <span class='ocrx_word' id='word_1_4' title='bbox 1021 405 1143 476; x_wconf 76' lang='lat' dir='ltr'>AFRI</span> 
     </span>
    </p>
   </div>
   <div class='ocr_carea' id='block_1_2' title="bbox 296 537 1369 848">
    <p class='ocr_par' dir='ltr' id='par_1_2' title="bbox 296 537 1369 848">
     <span class='ocr_line' id='line_1_2' title="bbox 304 537 1369 632; baseline -0.008 -16"><span class='ocrx_word' id='word_1_5' title='bbox 304 544 451 616; x_wconf 88' lang='lat' dir='ltr'>Hoccine</span> <span class='ocrx_word' id='word_1_6' title='bbox 477 567 531 612; x_wconf 92' lang='lat' dir='ltr'>me</span> <span class='ocrx_word' id='word_1_7' title='bbox 556 542 712 611; x_wconf 87' lang='lat' dir='ltr'>miserum</span> <span class='ocrx_word' id='word_1_8' title='bbox 743 564 811 608; x_wconf 91' lang='lat' dir='ltr'>non</span> <span class='ocrx_word' id='word_1_9' title='bbox 837 537 934 608; x_wconf 83' lang='lat' dir='ltr'>licere</span> <span class='ocrx_word' id='word_1_10' title='bbox 967 561 1042 608; x_wconf 88' lang='lat' dir='ltr'>meo</span> <span class='ocrx_word' id='word_1_11' title='bbox 1068 537 1169 608; x_wconf 90' lang='lat' dir='ltr'>modo</span> <span class='ocrx_word' id='word_1_12' title='bbox 1195 539 1369 632; x_wconf 81' lang='lat' dir='ltr'>ingenium</span> 
     </span>
     <span class='ocr_line' id='line_1_3' title="bbox 296 638 1118 742; baseline -0.01 -23"><span class='ocrx_word' id='word_1_13' title='bbox 296 638 298 644; x_wconf 38' lang='grc'>’</span> <span class='ocrx_word' id='word_1_14' title='bbox 464 643 546 718; x_wconf 85' lang='lat' dir='ltr'>frui!</span> <span class='ocrx_word' id='word_1_15' title='bbox 625 711 630 728; x_wconf 68' lang='grc'>,</span> <span class='ocrx_word' id='word_1_16' title='bbox 1116 735 1118 742; x_wconf 17' lang='grc' dir='ltr'><strong><em>Α</em></strong></span> 
     </span>
     <span class='ocr_line' id='line_1_4' title="bbox 306 749 1367 848; baseline -0.007 -21"><span class='ocrx_word' id='word_1_17' title='bbox 306 759 387 827; x_wconf 81' lang='lat' dir='ltr'>Srn.</span> <span class='ocrx_word' id='word_1_18' title='bbox 408 759 533 838; x_wconf 87' lang='lat' dir='ltr'>Immo,</span> <span class='ocrx_word' id='word_1_19' title='bbox 553 767 591 822; x_wconf 91' lang='lat' dir='ltr'>ut</span> <span class='ocrx_word' id='word_1_20' title='bbox 610 766 737 848; x_wconf 83' lang='lat' dir='ltr'>patrem</span> <span class='ocrx_word' id='word_1_21' title='bbox 757 765 851 821; x_wconf 90' lang='lat' dir='ltr'>tuum</span> <span class='ocrx_word' id='word_1_22' title='bbox 869 750 955 832; x_wconf 78' lang='lat' dir='ltr'>vidi,</span> <span class='ocrx_word' id='word_1_23' title='bbox 978 765 1087 846; x_wconf 81' lang='lat' dir='ltr'>partes</span> <span class='ocrx_word' id='word_1_24' title='bbox 1105 749 1163 820; x_wconf 89' lang='lat' dir='ltr'>diu</span> <span class='ocrx_word' id='word_1_25' title='bbox 1181 751 1282 819; x_wconf 87' lang='lat' dir='ltr'>etiam</span> <span class='ocrx_word' id='word_1_26' title='bbox 1300 751 1367 820; x_wconf 91' lang='lat' dir='ltr'>du·</span> 
     </span>
    </p>
   </div>
   <div class='ocr_carea' id='block_1_3' title="bbox 225 859 1368 1380">
    <p class='ocr_par' dir='ltr' id='par_1_3' title="bbox 225 859 1368 1380">
     <span class='ocr_line' id='line_1_5' title="bbox 462 859 638 931; baseline -0.017 -1"><span class='ocrx_word' id='word_1_27' title='bbox 462 884 516 931; x_wconf 84' lang='lat' dir='ltr'>ras</span> <span class='ocrx_word' id='word_1_28' title='bbox 537 859 638 929; x_wconf 78' lang='lat' dir='ltr'>dabit.</span> 
     </span>
     <span class='ocr_line' id='line_1_6' title="bbox 305 951 1367 1059; baseline -0.009 -19"><span class='ocrx_word' id='word_1_29' title='bbox 305 973 439 1040; x_wconf 71' lang='lat' dir='ltr'>Bucen·</span> <span class='ocrx_word' id='word_1_30' title='bbox 465 968 627 1056; x_wconf 82' lang='lat' dir='ltr'>Quisnam</span> <span class='ocrx_word' id='word_1_31' title='bbox 652 965 706 1035; x_wconf 92' lang='lat' dir='ltr'>hic</span> <span class='ocrx_word' id='word_1_32' title='bbox 732 963 922 1034; x_wconf 81' lang='lat' dir='ltr'><strong>adolescens</strong></span> <span class='ocrx_word' id='word_1_33' title='bbox 946 978 1013 1048; x_wconf 90' lang='lat' dir='ltr'>est,</span> <span class='ocrx_word' id='word_1_34' title='bbox 1036 964 1093 1059; x_wconf 93' lang='lat' dir='ltr'>qui</span> <span class='ocrx_word' id='word_1_35' title='bbox 1118 965 1260 1033; x_wconf 80' lang='lat' dir='ltr'>intuitur</span> <span class='ocrx_word' id='word_1_36' title='bbox 1281 951 1367 1034; x_wconf 79' lang='lat' dir='ltr'>nos?</span> 
     </span>
     <span class='ocr_line' id='line_1_7' title="bbox 464 1070 1028 1158; baseline -0.005 -16"><span class='ocrx_word' id='word_1_37' title='bbox 464 1077 550 1144; x_wconf 75' lang='lat' dir='ltr'>Anu.</span> <span class='ocrx_word' id='word_1_38' title='bbox 574 1072 645 1158; x_wconf 85' lang='lat' dir='ltr'>Ah,</span> <span class='ocrx_word' id='word_1_39' title='bbox 664 1072 769 1142; x_wconf 87' lang='lat' dir='ltr'>retine</span> <span class='ocrx_word' id='word_1_40' title='bbox 790 1095 860 1156; x_wconf 89' lang='lat' dir='ltr'>me,</span> <span class='ocrx_word' id='word_1_41' title='bbox 879 1070 1028 1141; x_wconf 88' lang='lat' dir='ltr'>obsecro.</span> 
     </span>
     <span class='ocr_line' id='line_1_8' title="bbox 225 1172 1368 1272; baseline -0.005 -21"><span class='ocrx_word' id='word_1_42' title='bbox 225 1235 228 1238; x_wconf 87' lang='lat'>-</span> <span class='ocrx_word' id='word_1_43' title='bbox 306 1185 437 1252; x_wconf 69' lang='lat' dir='ltr'>Biccu.</span> <span class='ocrx_word' id='word_1_44' title='bbox 456 1179 602 1265; x_wconf 81' lang='lat' dir='ltr'>Amabo,</span> <span class='ocrx_word' id='word_1_45' title='bbox 618 1177 697 1272; x_wconf 89' lang='lat' dir='ltr'>quid</span> <span class='ocrx_word' id='word_1_46' title='bbox 715 1178 772 1247; x_wconf 90' lang='lat' dir='ltr'>tibi</span> <span class='ocrx_word' id='word_1_47' title='bbox 791 1175 862 1248; x_wconf 77' lang='lat' dir='ltr'>est?</span> <span class='ocrx_word' id='word_1_48' title='bbox 880 1177 967 1249; x_wconf 77' lang='lat' dir='ltr'>Ans.</span> <span class='ocrx_word' id='word_1_49' title='bbox 986 1172 1145 1272; x_wconf 81' lang='lat' dir='ltr'>Disperii!</span> <span class='ocrx_word' id='word_1_50' title='bbox 1162 1178 1297 1246; x_wconf 74' lang='lat' dir='ltr'>Bucen.</span> <span class='ocrx_word' id='word_1_51' title='bbox 1312 1177 1368 1246; x_wconf 86' lang='lat' dir='ltr'>Pe·</span> 
     </span>
     <span class='ocr_line' id='line_1_9' title="bbox 462 1281 936 1380; baseline -0.004 -26"><span class='ocrx_word' id='word_1_52' title='bbox 462 1281 518 1368; x_wconf 89' lang='lat' dir='ltr'>rii,</span> <span class='ocrx_word' id='word_1_53' title='bbox 537 1285 684 1354; x_wconf 83' lang='lat' dir='ltr'>misera:</span> <span class='ocrx_word' id='word_1_54' title='bbox 707 1284 786 1379; x_wconf 92' lang='lat' dir='ltr'>quid</span> <span class='ocrx_word' id='word_1_55' title='bbox 806 1298 936 1380; x_wconf 87' lang='lat' dir='ltr'>stupes,</span> 
     </span>
    </p>
   </div>
   <div class='ocr_carea' id='block_1_4' title="bbox 289 1515 1369 4140">
    <p class='ocr_par' dir='ltr' id='par_1_4' title="bbox 289 1515 1369 4140">
     <span class='ocr_line' id='line_1_10' title="bbox 304 1515 1369 1592; baseline -0.002 -18"><span class='ocrx_word' id='word_1_56' title='bbox 304 1519 384 1588; x_wconf 91' lang='lat' dir='ltr'>Quod</span> <span class='ocrx_word' id='word_1_57' title='bbox 391 1517 500 1592; x_wconf 83' lang='lat' dir='ltr'>quidem</span> <span class='ocrx_word' id='word_1_58' title='bbox 515 1535 570 1571; x_wconf 85' lang='lat' dir='ltr'>esse</span> <span class='ocrx_word' id='word_1_59' title='bbox 581 1517 671 1576; x_wconf 84' lang='lat' dir='ltr'>West.</span> <span class='ocrx_word' id='word_1_60' title='bbox 685 1517 814 1572; x_wconf 79' lang='lat' dir='ltr'>existimat</span> <span class='ocrx_word' id='word_1_61' title='bbox 856 1515 932 1584; x_wconf 89' lang='lat' dir='ltr'>dem,</span> <span class='ocrx_word' id='word_1_62' title='bbox 956 1515 1001 1570; x_wconf 83' lang='lat' dir='ltr'>sed</span> <span class='ocrx_word' id='word_1_63' title='bbox 1022 1537 1077 1572; x_wconf 88' lang='lat' dir='ltr'>non</span> <span class='ocrx_word' id='word_1_64' title='bbox 1092 1535 1166 1590; x_wconf 73' lang='lat' dir='ltr'>eque</span> <span class='ocrx_word' id='word_1_65' title='bbox 1186 1517 1250 1586; x_wconf 81' lang='lat' dir='ltr'>ills,</span> <span class='ocrx_word' id='word_1_66' title='bbox 1271 1519 1369 1592; x_wconf 76' lang='lat' dir='ltr'>quibu</span> 
     </span>
     <span class='ocr_line' id='line_1_11' title="bbox 303 1595 1369 1672; baseline 0 -18"><span class='ocrx_word' id='word_1_67' title='bbox 303 1619 353 1672; x_wconf 88' lang='lat' dir='ltr'>per</span> <span class='ocrx_word' id='word_1_68' title='bbox 375 1599 582 1664; x_wconf 69' lang='lat' dir='ltr'>hellenismum,</span> <span class='ocrx_word' id='word_1_69' title='bbox 605 1604 648 1651; x_wconf 78' lang='grc' dir='ltr'>σοῦ</span> <span class='ocrx_word' id='word_1_70' title='bbox 674 1598 812 1668; x_wconf 73' lang='lat' dir='ltr'>orrpnrios.</span> <span class='ocrx_word' id='word_1_71' title='bbox 856 1595 1022 1650; x_wconf 75' lang='lat' dir='ltr'>defendatur.</span> <span class='ocrx_word' id='word_1_72' title='bbox 1033 1598 1252 1651; x_wconf 72' lang='lat' dir='ltr'>Fert-Partes.</span> <span class='ocrx_word' id='word_1_73' title='bbox 1264 1601 1369 1654; x_wconf 77' lang='lat' dir='ltr'>Vocem</span> 
     </span>
     <span class='ocr_line' id='line_1_12' title="bbox 304 1676 1369 1752; baseline 0.001 -21"><span class='ocrx_word' id='word_1_74' title='bbox 304 1681 371 1732; x_wconf 83' lang='lat' dir='ltr'>Perl.</span> <span class='ocrx_word' id='word_1_75' title='bbox 382 1711 423 1723; x_wconf 92' lang='lat'>-</span> <span class='ocrx_word' id='word_1_76' title='bbox 437 1678 525 1732; x_wconf 82' lang='lat' dir='ltr'>Credo.</span> <span class='ocrx_word' id='word_1_77' title='bbox 539 1677 604 1730; x_wconf 79' lang='lat' dir='ltr'>Fere</span> <span class='ocrx_word' id='word_1_78' title='bbox 617 1676 814 1749; x_wconf 73' lang='lat' dir='ltr'>rlponsbedici·</span> <span class='ocrx_word' id='word_1_79' title='bbox 854 1677 925 1731; x_wconf 77' lang='lat' dir='ltr'>beno</span> <span class='ocrx_word' id='word_1_80' title='bbox 941 1678 1056 1732; x_wconf 79' lang='lat' dir='ltr'>restituit</span> <span class='ocrx_word' id='word_1_81' title='bbox 1075 1677 1172 1750; x_wconf 80' lang='lat' dir='ltr'>pariter</span> <span class='ocrx_word' id='word_1_82' title='bbox 1190 1679 1288 1732; x_wconf 85' lang='lat' dir='ltr'>Perlet.</span> <span class='ocrx_word' id='word_1_83' title='bbox 1307 1693 1369 1752; x_wconf 77' lang='lat' dir='ltr'>port</span> 
     </span>
     <span class='ocr_line' id='line_1_13' title="bbox 305 1755 1368 1830; baseline 0.001 -18"><span class='ocrx_word' id='word_1_84' title='bbox 305 1773 358 1812; x_wconf 84' lang='lat' dir='ltr'>tur.</span> <span class='ocrx_word' id='word_1_85' title='bbox 373 1791 413 1802; x_wconf 90' lang='lat'>--</span> <span class='ocrx_word' id='word_1_86' title='bbox 434 1757 496 1830; x_wconf 80' lang='lat' dir='ltr'>Syre</span> <span class='ocrx_word' id='word_1_87' title='bbox 511 1760 553 1809; x_wconf 68' lang='lat' dir='ltr'>ote</span> <span class='ocrx_word' id='word_1_88' title='bbox 563 1757 653 1825; x_wconf 70' lang='lat' dir='ltr'>ruffum</span> <span class='ocrx_word' id='word_1_89' title='bbox 666 1770 714 1815; x_wconf 80' lang='lat' dir='ltr'>ete.</span> <span class='ocrx_word' id='word_1_90' title='bbox 730 1757 815 1810; x_wconf 73' lang='lat' dir='ltr'>Tano-</span> <span class='ocrx_word' id='word_1_91' title='bbox 856 1755 1018 1820; x_wconf 82' lang='lat' dir='ltr'>Bentleium,</span> <span class='ocrx_word' id='word_1_92' title='bbox 1034 1775 1067 1810; x_wconf 82' lang='lat' dir='ltr'>ex</span> <span class='ocrx_word' id='word_1_93' title='bbox 1079 1758 1202 1811; x_wconf 83' lang='lat' dir='ltr'>Eunncb.</span> <span class='ocrx_word' id='word_1_94' title='bbox 1216 1758 1284 1814; x_wconf 80' lang='lat'>353.</span> <span class='ocrx_word' id='word_1_95' title='bbox 1299 1759 1368 1813; x_wconf 85' lang='lat' dir='ltr'>Om-</span> 
     </span>
     <span class='ocr_line' id='line_1_14' title="bbox 305 1837 1369 1911; baseline 0.001 -19"><span class='ocrx_word' id='word_1_96' title='bbox 305 1839 361 1911; x_wconf 89' lang='lat' dir='ltr'>quil</span> <span class='ocrx_word' id='word_1_97' title='bbox 377 1839 478 1903; x_wconf 78' lang='lat' dir='ltr'>Faber,</span> <span class='ocrx_word' id='word_1_98' title='bbox 490 1850 517 1891; x_wconf 81' lang='lat' dir='ltr'>et</span> <span class='ocrx_word' id='word_1_99' title='bbox 530 1850 589 1908; x_wconf 89' lang='lat' dir='ltr'>post</span> <span class='ocrx_word' id='word_1_100' title='bbox 603 1855 666 1890; x_wconf 82' lang='lat' dir='ltr'>enm</span> <span class='ocrx_word' id='word_1_101' title='bbox 680 1837 812 1896; x_wconf 69' lang='lat' dir='ltr'>Deciens,</span> <span class='ocrx_word' id='word_1_102' title='bbox 855 1854 902 1890; x_wconf 77' lang='lat' dir='ltr'>nes</span> <span class='ocrx_word' id='word_1_103' title='bbox 915 1837 961 1888; x_wconf 74' lang='lat' dir='ltr'>elli</span> <span class='ocrx_word' id='word_1_104' title='bbox 973 1837 1108 1891; x_wconf 85' lang='lat' dir='ltr'>omittunt.</span> <span class='ocrx_word' id='word_1_105' title='bbox 1128 1869 1170 1881; x_wconf 91' lang='lat'><em>—</em></span> <span class='ocrx_word' id='word_1_106' title='bbox 1189 1838 1284 1892; x_wconf 75' lang='lat' dir='ltr'>Duras.</span> <span class='ocrx_word' id='word_1_107' title='bbox 1307 1839 1369 1893; x_wconf 77' lang='lat' dir='ltr'>Pel·</span> 
     </span>
     <span class='ocr_line' id='line_1_15' title="bbox 304 1914 1368 1989; baseline 0.003 -19"><span class='ocrx_word' id='word_1_108' title='bbox 304 1920 385 1972; x_wconf 77' lang='lat' dir='ltr'>verba</span> <span class='ocrx_word' id='word_1_109' title='bbox 406 1918 580 1971; x_wconf 74' lang='lat' dir='ltr'>beccensem</span> <span class='ocrx_word' id='word_1_110' title='bbox 595 1914 736 1970; x_wconf 77' lang='lat' dir='ltr'>tribuenda</span> <span class='ocrx_word' id='word_1_111' title='bbox 753 1916 813 1970; x_wconf 90' lang='lat' dir='ltr'>Cli·</span> <span class='ocrx_word' id='word_1_112' title='bbox 857 1935 923 1969; x_wconf 85' lang='lat' dir='ltr'>ruer.</span> <span class='ocrx_word' id='word_1_113' title='bbox 936 1919 1049 1989; x_wconf 81' lang='lat' dir='ltr'>conject.</span> <span class='ocrx_word' id='word_1_114' title='bbox 1066 1937 1149 1988; x_wconf 78' lang='lat' dir='ltr'>puras.</span> <span class='ocrx_word' id='word_1_115' title='bbox 1172 1948 1213 1961; x_wconf 90' lang='lat'>-</span> <span class='ocrx_word' id='word_1_116' title='bbox 1232 1919 1368 1974; x_wconf 70' lang='lat' dir='ltr'>Ceterum</span> 
     </span>
     <span class='ocr_line' id='line_1_16' title="bbox 305 1995 1368 2070; baseline 0.003 -20"><span class='ocrx_word' id='word_1_117' title='bbox 305 1997 425 2070; x_wconf 90' lang='lat' dir='ltr'>tiphoni‚</span> <span class='ocrx_word' id='word_1_118' title='bbox 440 1997 487 2070; x_wconf 87' lang='lat' dir='ltr'>qui</span> <span class='ocrx_word' id='word_1_119' title='bbox 505 1996 533 2049; x_wconf 85' lang='lat' dir='ltr'>in</span> <span class='ocrx_word' id='word_1_120' title='bbox 552 1995 702 2067; x_wconf 84' lang='lat' dir='ltr'>postscenio</span> <span class='ocrx_word' id='word_1_121' title='bbox 715 1995 815 2049; x_wconf 81' lang='lat' dir='ltr'>scilieet</span> <span class='ocrx_word' id='word_1_122' title='bbox 857 1996 999 2050; x_wconf 79' lang='lat' dir='ltr'>Ruhnken.</span> <span class='ocrx_word' id='word_1_123' title='bbox 1010 2014 1116 2050; x_wconf 77' lang='lat' dir='ltr'>versum</span> <span class='ocrx_word' id='word_1_124' title='bbox 1127 1997 1201 2050; x_wconf 86' lang='lat' dir='ltr'>huno</span> <span class='ocrx_word' id='word_1_125' title='bbox 1213 2010 1290 2052; x_wconf 75' lang='lat' dir='ltr'>vocat</span> <span class='ocrx_word' id='word_1_126' title='bbox 1302 2017 1368 2052; x_wconf 87' lang='lat' dir='ltr'>oon·</span> 
     </span>
     <span class='ocr_line' id='line_1_17' title="bbox 304 2075 1369 2147; baseline 0.001 -15"><span class='ocrx_word' id='word_1_127' title='bbox 304 2078 462 2142; x_wconf 78' lang='lat' dir='ltr'>auscultans,</span> <span class='ocrx_word' id='word_1_128' title='bbox 474 2075 687 2147; x_wconf 87' lang='lat' dir='ltr'>introrumpatin</span> <span class='ocrx_word' id='word_1_129' title='bbox 701 2093 812 2137; x_wconf 81' lang='lat' dir='ltr'>scenam,</span> <span class='ocrx_word' id='word_1_130' title='bbox 857 2075 1005 2130; x_wconf 76' lang='lat' dir='ltr'>clamatum.</span> <span class='ocrx_word' id='word_1_131' title='bbox 1017 2108 1058 2120; x_wconf 88' lang='lat'><em>-</em></span> <span class='ocrx_word' id='word_1_132' title='bbox 1077 2077 1111 2129; x_wconf 82' lang='lat' dir='ltr'>Ut</span> <span class='ocrx_word' id='word_1_133' title='bbox 1121 2089 1214 2147; x_wconf 82' lang='lat' dir='ltr'>patrem</span> <span class='ocrx_word' id='word_1_134' title='bbox 1227 2090 1292 2132; x_wconf 75' lang='lat' dir='ltr'>turns</span> <span class='ocrx_word' id='word_1_135' title='bbox 1303 2079 1369 2132; x_wconf 78' lang='lat' dir='ltr'>vidi.</span> 
     </span>
     <span class='ocr_line' id='line_1_18' title="bbox 304 2152 1369 2228; baseline 0.002 -19"><span class='ocrx_word' id='word_1_136' title='bbox 304 2157 469 2211; x_wconf 74' lang='lat' dir='ltr'>osculaturus</span> <span class='ocrx_word' id='word_1_137' title='bbox 493 2152 659 2209; x_wconf 76' lang='lat' dir='ltr'>Bacchidem.</span> <span class='ocrx_word' id='word_1_138' title='bbox 684 2153 736 2208; x_wconf 88' lang='lat' dir='ltr'>Sed</span> <span class='ocrx_word' id='word_1_139' title='bbox 754 2155 815 2208; x_wconf 78' lang='lat' dir='ltr'>satis</span> <span class='ocrx_word' id='word_1_140' title='bbox 861 2154 1013 2220; x_wconf 72' lang='lat' dir='ltr'>uQuoutum</span> <span class='ocrx_word' id='word_1_141' title='bbox 1022 2157 1369 2228; x_wconf 72' lang='lat' dir='ltr'>putrismisll&#39;ectumetdis·</span> 
     </span>
     <span class='ocr_line' id='line_1_19' title="bbox 304 2233 1369 2307; baseline 0 -16"><span class='ocrx_word' id='word_1_142' title='bbox 304 2235 426 2291; x_wconf 73' lang='lat' dir='ltr'>absurde.</span> <span class='ocrx_word' id='word_1_143' title='bbox 449 2235 517 2288; x_wconf 82' lang='lat' dir='ltr'>Nam</span> <span class='ocrx_word' id='word_1_144' title='bbox 537 2235 580 2286; x_wconf 80' lang='lat' dir='ltr'>loc</span> <span class='ocrx_word' id='word_1_145' title='bbox 601 2236 720 2303; x_wconf 72' lang='lat' dir='ltr'>ingenium</span> <span class='ocrx_word' id='word_1_146' title='bbox 739 2233 768 2287; x_wconf 91' lang='lat' dir='ltr'>h.</span> <span class='ocrx_word' id='word_1_147' title='bbox 789 2254 813 2288; x_wconf 88' lang='lat' dir='ltr'>e.</span> <span class='ocrx_word' id='word_1_148' title='bbox 856 2235 1015 2306; x_wconf 74' lang='lat' dir='ltr'>positionem</span> <span class='ocrx_word' id='word_1_149' title='bbox 1030 2237 1160 2307; x_wconf 79' lang='lat' dir='ltr'>perspexi.</span> <span class='ocrx_word' id='word_1_150' title='bbox 1172 2262 1183 2284; x_wconf 85' lang='grc' dir='ltr'>ι</span> <span class='ocrx_word' id='word_1_151' title='bbox 1208 2237 1299 2302; x_wconf 87' lang='lat' dir='ltr'>Quum</span> <span class='ocrx_word' id='word_1_152' title='bbox 1310 2257 1369 2291; x_wconf 85' lang='lat' dir='ltr'>nou</span> 
     </span>
     <span class='ocr_line' id='line_1_20' title="bbox 304 2312 1368 2390; baseline 0.001 -21"><span class='ocrx_word' id='word_1_153' title='bbox 304 2315 421 2390; x_wconf 77' lang='lat' dir='ltr'>puellum</span> <span class='ocrx_word' id='word_1_154' title='bbox 430 2314 475 2368; x_wconf 81' lang='lat' dir='ltr'>tali</span> <span class='ocrx_word' id='word_1_155' title='bbox 486 2313 592 2385; x_wconf 76' lang='lat' dir='ltr'>ingenio</span> <span class='ocrx_word' id='word_1_156' title='bbox 604 2312 752 2385; x_wconf 74' lang='lat' dir='ltr'>proditum,</span> <span class='ocrx_word' id='word_1_157' title='bbox 762 2314 815 2368; x_wconf 85' lang='lat' dir='ltr'>Cli·</span> <span class='ocrx_word' id='word_1_158' title='bbox 856 2313 937 2385; x_wconf 83' lang='lat' dir='ltr'>possit</span> <span class='ocrx_word' id='word_1_159' title='bbox 945 2333 1026 2386; x_wconf 85' lang='lat' dir='ltr'>perse</span> <span class='ocrx_word' id='word_1_160' title='bbox 1033 2316 1114 2388; x_wconf 81' lang='lat' dir='ltr'>Syrus</span> <span class='ocrx_word' id='word_1_161' title='bbox 1120 2316 1302 2387; x_wconf 87' lang='lat' dir='ltr'>Clitiphonem</span> <span class='ocrx_word' id='word_1_162' title='bbox 1308 2317 1368 2370; x_wconf 82' lang='lat' dir='ltr'>abi-</span> 
     </span>
     <span class='ocr_line' id='line_1_21' title="bbox 304 2393 1368 2470; baseline 0.003 -22"><span class='ocrx_word' id='word_1_163' title='bbox 304 2395 381 2468; x_wconf 90' lang='lat' dir='ltr'>tipho</span> <span class='ocrx_word' id='word_1_164' title='bbox 405 2413 459 2447; x_wconf 90' lang='lat' dir='ltr'>non</span> <span class='ocrx_word' id='word_1_165' title='bbox 479 2405 564 2470; x_wconf 85' lang='lat' dir='ltr'>potest</span> <span class='ocrx_word' id='word_1_166' title='bbox 583 2411 676 2445; x_wconf 80' lang='lat' dir='ltr'>vocare</span> <span class='ocrx_word' id='word_1_167' title='bbox 694 2395 813 2446; x_wconf 86' lang='lat' dir='ltr'>meretri·</span> <span class='ocrx_word' id='word_1_168' title='bbox 855 2393 965 2464; x_wconf 70' lang='lat' dir='ltr'>gere,nd</span> <span class='ocrx_word' id='word_1_169' title='bbox 975 2395 1058 2448; x_wconf 75' lang='lat' dir='ltr'>mines</span> <span class='ocrx_word' id='word_1_170' title='bbox 1066 2395 1146 2466; x_wconf 76' lang='lat' dir='ltr'>patris</span> <span class='ocrx_word' id='word_1_171' title='bbox 1154 2396 1368 2468; x_wconf 59' lang='lat' dir='ltr'>confugitquenr</span> 
     </span>
     <span class='ocr_line' id='line_1_22' title="bbox 304 2470 1369 2546; baseline 0.002 -18"><span class='ocrx_word' id='word_1_172' title='bbox 304 2493 379 2540; x_wconf 85' lang='lat' dir='ltr'>cem,</span> <span class='ocrx_word' id='word_1_173' title='bbox 393 2476 468 2546; x_wconf 83' lang='lat' dir='ltr'>cujus</span> <span class='ocrx_word' id='word_1_174' title='bbox 480 2473 565 2526; x_wconf 76' lang='lat' dir='ltr'>formu</span> <span class='ocrx_word' id='word_1_175' title='bbox 575 2471 692 2543; x_wconf 86' lang='lat' dir='ltr'>quidem,</span> <span class='ocrx_word' id='word_1_176' title='bbox 704 2470 749 2525; x_wconf 88' lang='lat' dir='ltr'>sed</span> <span class='ocrx_word' id='word_1_177' title='bbox 759 2492 813 2526; x_wconf 89' lang='lat' dir='ltr'>non</span> <span class='ocrx_word' id='word_1_178' title='bbox 855 2473 932 2544; x_wconf 71' lang='lat' dir='ltr'>lingit</span> <span class='ocrx_word' id='word_1_179' title='bbox 949 2475 1055 2527; x_wconf 78' lang='lat' dir='ltr'>iratum.</span> <span class='ocrx_word' id='word_1_180' title='bbox 1075 2503 1115 2518; x_wconf 80' lang='lat'>-</span> <span class='ocrx_word' id='word_1_181' title='bbox 1139 2475 1226 2527; x_wconf 81' lang='lat' dir='ltr'>Partes</span> <span class='ocrx_word' id='word_1_182' title='bbox 1237 2477 1281 2528; x_wconf 82' lang='lat' dir='ltr'>diu</span> <span class='ocrx_word' id='word_1_183' title='bbox 1294 2481 1369 2530; x_wconf 73' lang='lat' dir='ltr'>etr&#39;asr</span> 
     </span>
     <span class='ocr_line' id='line_1_23' title="bbox 303 2550 1367 2625; baseline 0.004 -19"><span class='ocrx_word' id='word_1_184' title='bbox 303 2551 409 2625; x_wconf 80' lang='lat' dir='ltr'>ingenio</span> <span class='ocrx_word' id='word_1_185' title='bbox 427 2563 484 2606; x_wconf 79' lang='lat' dir='ltr'>erat</span> <span class='ocrx_word' id='word_1_186' title='bbox 510 2569 657 2623; x_wconf 85' lang='lat' dir='ltr'>percussus.</span> <span class='ocrx_word' id='word_1_187' title='bbox 692 2550 813 2618; x_wconf 84' lang='lat' dir='ltr'>Deinde,</span> <span class='ocrx_word' id='word_1_188' title='bbox 855 2553 929 2604; x_wconf 66' lang='lat' dir='ltr'>diros</span> <span class='ocrx_word' id='word_1_189' title='bbox 939 2554 1017 2607; x_wconf 82' lang='lat' dir='ltr'>dabit.</span> <span class='ocrx_word' id='word_1_190' title='bbox 1028 2555 1051 2606; x_wconf 92' lang='lat'>1.</span> <span class='ocrx_word' id='word_1_191' title='bbox 1062 2573 1085 2606; x_wconf 82' lang='lat' dir='ltr'>e.</span> <span class='ocrx_word' id='word_1_192' title='bbox 1103 2555 1177 2607; x_wconf 82' lang='lat' dir='ltr'>·Diu</span> <span class='ocrx_word' id='word_1_193' title='bbox 1190 2568 1216 2608; x_wconf 88' lang='lat' dir='ltr'>te</span> <span class='ocrx_word' id='word_1_194' title='bbox 1229 2557 1290 2610; x_wconf 78' lang='lat' dir='ltr'>setis</span> <span class='ocrx_word' id='word_1_195' title='bbox 1304 2574 1367 2610; x_wconf 76' lang='lat' dir='ltr'>oru-</span> 
     </span>
     <span class='ocr_line' id='line_1_24' title="bbox 303 2629 1367 2708; baseline 0.005 -22"><span class='ocrx_word' id='word_1_196' title='bbox 303 2631 377 2704; x_wconf 84' lang='lat' dir='ltr'>quod</span> <span class='ocrx_word' id='word_1_197' title='bbox 393 2631 475 2704; x_wconf 81' lang='lat' dir='ltr'>Syrus</span> <span class='ocrx_word' id='word_1_198' title='bbox 488 2629 645 2702; x_wconf 86' lang='lat' dir='ltr'>respondet,</span> <span class='ocrx_word' id='word_1_199' title='bbox 666 2631 760 2683; x_wconf 73' lang='lat' dir='ltr'>otoldi</span> <span class='ocrx_word' id='word_1_200' title='bbox 768 2651 814 2702; x_wconf 84' lang='lat' dir='ltr'>po·</span> <span class='ocrx_word' id='word_1_201' title='bbox 855 2632 952 2700; x_wconf 74' lang='lat' dir='ltr'>ciebit,</span> <span class='ocrx_word' id='word_1_202' title='bbox 974 2646 1000 2686; x_wconf 89' lang='lat' dir='ltr'>te</span> <span class='ocrx_word' id='word_1_203' title='bbox 1020 2631 1136 2698; x_wconf 73' lang='lat' dir='ltr'>dilleoet,</span> <span class='ocrx_word' id='word_1_204' title='bbox 1157 2653 1367 2708; x_wconf 84' lang='lat' dir='ltr'>suspensumque</span> 
     </span>
     <span class='ocr_line' id='line_1_25' title="bbox 305 2707 1368 2785; baseline 0.005 -21"><span class='ocrx_word' id='word_1_205' title='bbox 305 2725 363 2764; x_wconf 87' lang='lat' dir='ltr'>trem</span> <span class='ocrx_word' id='word_1_206' title='bbox 380 2723 444 2764; x_wconf 75' lang='lat' dir='ltr'>tuum</span> <span class='ocrx_word' id='word_1_207' title='bbox 458 2730 507 2763; x_wconf 79' lang='lat' dir='ltr'>esse</span> <span class='ocrx_word' id='word_1_208' title='bbox 529 2709 650 2775; x_wconf 75' lang='lat' dir='ltr'>habitum,</span> <span class='ocrx_word' id='word_1_209' title='bbox 671 2707 704 2762; x_wconf 90' lang='lat' dir='ltr'>de</span> <span class='ocrx_word' id='word_1_210' title='bbox 722 2711 813 2764; x_wconf 84' lang='lat' dir='ltr'>Mene·</span> <span class='ocrx_word' id='word_1_211' title='bbox 855 2712 935 2765; x_wconf 76' lang='lat' dir='ltr'>enimi</span> <span class='ocrx_word' id='word_1_212' title='bbox 950 2712 1062 2779; x_wconf 83' lang='lat' dir='ltr'>tenebit,</span> <span class='ocrx_word' id='word_1_213' title='bbox 1073 2725 1213 2785; x_wconf 78' lang='lat' dir='ltr'>antequam</span> <span class='ocrx_word' id='word_1_214' title='bbox 1228 2715 1368 2768; x_wconf 75' lang='lat' dir='ltr'>matrimo-</span> 
     </span>
     <span class='ocr_line' id='line_1_26' title="bbox 304 2787 1368 2866; baseline 0.004 -22"><span class='ocrx_word' id='word_1_215' title='bbox 304 2789 402 2855; x_wconf 85' lang='lat' dir='ltr'>demo,</span> <span class='ocrx_word' id='word_1_216' title='bbox 424 2809 479 2844; x_wconf 86' lang='lat' dir='ltr'>non</span> <span class='ocrx_word' id='word_1_217' title='bbox 498 2787 533 2842; x_wconf 82' lang='lat' dir='ltr'>de</span> <span class='ocrx_word' id='word_1_218' title='bbox 546 2789 686 2844; x_wconf 77' lang='lat' dir='ltr'>Chremete</span> <span class='ocrx_word' id='word_1_219' title='bbox 704 2789 812 2846; x_wconf 88' lang='lat' dir='ltr'>dicitur.</span> <span class='ocrx_word' id='word_1_220' title='bbox 854 2791 901 2845; x_wconf 85' lang='lat' dir='ltr'>nio</span> <span class='ocrx_word' id='word_1_221' title='bbox 917 2793 1059 2864; x_wconf 73' lang='lat' dir='ltr'>Antiphila</span> <span class='ocrx_word' id='word_1_222' title='bbox 1073 2794 1155 2865; x_wconf 85' lang='lat' dir='ltr'>potiri</span> <span class='ocrx_word' id='word_1_223' title='bbox 1171 2813 1286 2866; x_wconf 76' lang='lat' dir='ltr'>quens.-</span> <span class='ocrx_word' id='word_1_224' title='bbox 1305 2797 1368 2850; x_wconf 77' lang='lat' dir='ltr'>Cal-</span> 
     </span>
     <span class='ocr_line' id='line_1_27' title="bbox 303 2871 1367 2946; baseline 0.008 -26"><span class='ocrx_word' id='word_1_225' title='bbox 303 2871 385 2946; x_wconf 76' lang='lat' dir='ltr'>Bentl.</span> <span class='ocrx_word' id='word_1_226' title='bbox 854 2871 1367 2945; x_wconf 80' lang='lat' dir='ltr'>pburn.voluitsubsudiri,partes,snt</span> 
     </span>
     <span class='ocr_line' id='line_1_28' title="bbox 345 2948 1367 3025; baseline 0.006 -23"><span class='ocrx_word' id='word_1_227' title='bbox 345 2956 380 3012; x_wconf 69' lang='lat' dir='ltr'>do</span> <span class='ocrx_word' id='word_1_228' title='bbox 387 2968 395 3002; x_wconf 89' lang='lat' dir='ltr'>r</span> <span class='ocrx_word' id='word_1_229' title='bbox 403 2989 410 3002; x_wconf 95' lang='lat'>.</span> <span class='ocrx_word' id='word_1_230' title='bbox 418 2949 550 3020; x_wconf 70' lang='lat' dir='ltr'>Ingenium.</span> <span class='ocrx_word' id='word_1_231' title='bbox 559 2949 622 3004; x_wconf 80' lang='lat' dir='ltr'>lllss.</span> <span class='ocrx_word' id='word_1_232' title='bbox 629 2948 748 3022; x_wconf 81' lang='lat' dir='ltr'>quidam,</span> <span class='ocrx_word' id='word_1_233' title='bbox 758 2949 812 3004; x_wconf 90' lang='lat' dir='ltr'>edi·</span> <span class='ocrx_word' id='word_1_234' title='bbox 854 2951 924 3017; x_wconf 80' lang='lat' dir='ltr'>lites,</span> <span class='ocrx_word' id='word_1_235' title='bbox 937 2950 1009 3024; x_wconf 76' lang='lat' dir='ltr'>quod</span> <span class='ocrx_word' id='word_1_236' title='bbox 1020 2953 1115 3006; x_wconf 83' lang='lat' dir='ltr'>merito</span> <span class='ocrx_word' id='word_1_237' title='bbox 1125 2954 1297 3025; x_wconf 85' lang='lat' dir='ltr'>reprehendit</span> <span class='ocrx_word' id='word_1_238' title='bbox 1306 2955 1367 3008; x_wconf 78' lang='lat' dir='ltr'>Pal-</span> 
     </span>
     <span class='ocr_line' id='line_1_29' title="bbox 303 3029 1367 3102; baseline 0.006 -19"><span class='ocrx_word' id='word_1_239' title='bbox 303 3029 515 3094; x_wconf 83' lang='lat' dir='ltr'>tivetostissimi,</span> <span class='ocrx_word' id='word_1_240' title='bbox 530 3041 557 3080; x_wconf 84' lang='lat' dir='ltr'>et</span> <span class='ocrx_word' id='word_1_241' title='bbox 567 3029 612 3081; x_wconf 82' lang='lat' dir='ltr'>Br.</span> <span class='ocrx_word' id='word_1_242' title='bbox 626 3033 721 3099; x_wconf 66' lang='lat' dir='ltr'>ingenio</span> <span class='ocrx_word' id='word_1_243' title='bbox 728 3049 739 3093; x_wconf 88' lang='grc'>,·</span> <span class='ocrx_word' id='word_1_244' title='bbox 754 3049 812 3100; x_wconf 70' lang='lat' dir='ltr'>pem</span> <span class='ocrx_word' id='word_1_245' title='bbox 853 3032 960 3084; x_wconf 83' lang='lat' dir='ltr'>merlus.</span> <span class='ocrx_word' id='word_1_246' title='bbox 979 3029 1032 3084; x_wconf 88' lang='lat' dir='ltr'>Sed</span> <span class='ocrx_word' id='word_1_247' title='bbox 1051 3032 1108 3102; x_wconf 81' lang='lat' dir='ltr'>ipse</span> <span class='ocrx_word' id='word_1_248' title='bbox 1132 3033 1278 3088; x_wconf 77' lang='lat' dir='ltr'>Polmerius</span> <span class='ocrx_word' id='word_1_249' title='bbox 1303 3055 1367 3090; x_wconf 80' lang='lat' dir='ltr'>rere</span> 
     </span>
     <span class='ocr_line' id='line_1_30' title="bbox 301 3109 1366 3186; baseline 0.008 -26"><span class='ocrx_word' id='word_1_250' title='bbox 301 3127 409 3180; x_wconf 72' lang='lat' dir='ltr'>perum,</span> <span class='ocrx_word' id='word_1_251' title='bbox 433 3122 463 3161; x_wconf 89' lang='lat' dir='ltr'>ut</span> <span class='ocrx_word' id='word_1_252' title='bbox 477 3120 564 3161; x_wconf 85' lang='lat' dir='ltr'>censet</span> <span class='ocrx_word' id='word_1_253' title='bbox 577 3109 663 3163; x_wconf 87' lang='lat' dir='ltr'>Bentl.</span> <span class='ocrx_word' id='word_1_254' title='bbox 682 3140 723 3152; x_wconf 89' lang='lat'><em>-</em></span> <span class='ocrx_word' id='word_1_255' title='bbox 742 3109 811 3162; x_wconf 80' lang='lat' dir='ltr'>Hoe-</span> <span class='ocrx_word' id='word_1_256' title='bbox 853 3110 985 3174; x_wconf 82' lang='lat' dir='ltr'>somniat,</span> <span class='ocrx_word' id='word_1_257' title='bbox 1007 3130 1091 3181; x_wconf 88' lang='lat' dir='ltr'>quum</span> <span class='ocrx_word' id='word_1_258' title='bbox 1116 3113 1174 3166; x_wconf 82' lang='lat' dir='ltr'>rult</span> <span class='ocrx_word' id='word_1_259' title='bbox 1198 3114 1250 3186; x_wconf 73' lang='lat' dir='ltr'>legi</span> <span class='ocrx_word' id='word_1_260' title='bbox 1272 3135 1366 3186; x_wconf 78' lang='lat' dir='ltr'>puras,</span> 
     </span>
     <span class='ocr_line' id='line_1_31' title="bbox 301 3186 1322 3265; baseline 0.008 -25"><span class='ocrx_word' id='word_1_261' title='bbox 301 3193 353 3241; x_wconf 80' lang='lat' dir='ltr'>cine</span> <span class='ocrx_word' id='word_1_262' title='bbox 372 3209 407 3240; x_wconf 82' lang='lat' dir='ltr'>me</span> <span class='ocrx_word' id='word_1_263' title='bbox 424 3192 476 3241; x_wconf 79' lang='lat' dir='ltr'>mis.</span> <span class='ocrx_word' id='word_1_264' title='bbox 499 3199 548 3240; x_wconf 86' lang='lat' dir='ltr'>etc.</span> <span class='ocrx_word' id='word_1_265' title='bbox 577 3186 653 3241; x_wconf 90' lang='lat' dir='ltr'>Ordo</span> <span class='ocrx_word' id='word_1_266' title='bbox 676 3201 739 3242; x_wconf 84' lang='lat' dir='ltr'>est:</span> <span class='ocrx_word' id='word_1_267' title='bbox 762 3209 810 3244; x_wconf 81' lang='lat' dir='ltr'>non</span> <span class='ocrx_word' id='word_1_268' title='bbox 852 3187 1035 3244; x_wconf 79' lang='lat' dir='ltr'>subaudiendo</span> <span class='ocrx_word' id='word_1_269' title='bbox 1048 3204 1136 3246; x_wconf 78' lang='lat' dir='ltr'>noctes.</span> <span class='ocrx_word' id='word_1_270' title='bbox 1148 3191 1219 3246; x_wconf 84' lang='lat' dir='ltr'>Vide</span> <span class='ocrx_word' id='word_1_271' title='bbox 1232 3214 1322 3265; x_wconf 71' lang='lat' dir='ltr'>snpra.</span> 
     </span>
     <span class='ocr_line' id='line_1_32' title="bbox 302 3268 1366 3338; baseline 0.008 -18"><span class='ocrx_word' id='word_1_272' title='bbox 302 3268 371 3320; x_wconf 77' lang='lat' dir='ltr'>licere</span> <span class='ocrx_word' id='word_1_273' title='bbox 393 3287 428 3319; x_wconf 79' lang='lat' dir='ltr'>me</span> <span class='ocrx_word' id='word_1_274' title='bbox 450 3270 557 3318; x_wconf 77' lang='lat' dir='ltr'>miserum</span> <span class='ocrx_word' id='word_1_275' title='bbox 573 3270 631 3335; x_wconf 83' lang='lat' dir='ltr'>frui</span> <span class='ocrx_word' id='word_1_276' title='bbox 651 3288 701 3320; x_wconf 83' lang='lat' dir='ltr'>meo</span> <span class='ocrx_word' id='word_1_277' title='bbox 722 3270 807 3334; x_wconf 84' lang='lat' dir='ltr'>modo,</span> <span class='ocrx_word' id='word_1_278' title='bbox 893 3270 959 3334; x_wconf 77' lang='grc'><strong>403.</strong></span> <span class='ocrx_word' id='word_1_279' title='bbox 979 3271 1092 3324; x_wconf 78' lang='lat' dir='ltr'>Intuitur.</span> <span class='ocrx_word' id='word_1_280' title='bbox 1116 3271 1231 3338; x_wconf 76' lang='lat' dir='ltr'>Quidum</span> <span class='ocrx_word' id='word_1_281' title='bbox 1245 3275 1312 3328; x_wconf 87' lang='lat' dir='ltr'>libb.</span> <span class='ocrx_word' id='word_1_282' title='bbox 1326 3276 1366 3329; x_wconf 79' lang='lat' dir='ltr'>le·</span> 
     </span>
     <span class='ocr_line' id='line_1_33' title="bbox 301 3343 1366 3424; baseline 0.007 -24"><span class='ocrx_word' id='word_1_283' title='bbox 301 3343 810 3419; x_wconf 58' lang='lat' dir='ltr'>meoarbitrstu,lwocioerhgeninmffln·</span> <span class='ocrx_word' id='word_1_284' title='bbox 851 3361 920 3419; x_wconf 74' lang='lat' dir='ltr'>gunt</span> <span class='ocrx_word' id='word_1_285' title='bbox 932 3353 1045 3404; x_wconf 79' lang='lat' dir='ltr'>intuetur.</span> <span class='ocrx_word' id='word_1_286' title='bbox 1064 3352 1152 3406; x_wconf 86' lang='lat' dir='ltr'>West.</span> <span class='ocrx_word' id='word_1_287' title='bbox 1166 3383 1208 3395; x_wconf 92' lang='lat'><em>-</em></span> <span class='ocrx_word' id='word_1_288' title='bbox 1223 3354 1310 3424; x_wconf 78' lang='lat' dir='ltr'>Quisn.</span> <span class='ocrx_word' id='word_1_289' title='bbox 1326 3355 1366 3407; x_wconf 74' lang='lat' dir='ltr'>ti«</span> 
     </span>
     <span class='ocr_line' id='line_1_34' title="bbox 299 3426 1365 3498; baseline 0.007 -18"><span class='ocrx_word' id='word_1_290' title='bbox 299 3428 400 3498; x_wconf 74' lang='lat' dir='ltr'>tiphilte</span> <span class='ocrx_word' id='word_1_291' title='bbox 413 3426 511 3480; x_wconf 79' lang='lat' dir='ltr'>scilieet</span> <span class='ocrx_word' id='word_1_292' title='bbox 523 3437 576 3479; x_wconf 81' lang='lat' dir='ltr'>tam</span> <span class='ocrx_word' id='word_1_293' title='bbox 587 3427 742 3488; x_wconf 86' lang='lat' dir='ltr'>honestum.</span> <span class='ocrx_word' id='word_1_294' title='bbox 755 3440 808 3482; x_wconf 85' lang='lat' dir='ltr'>tam</span> <span class='ocrx_word' id='word_1_295' title='bbox 851 3427 917 3483; x_wconf 83' lang='lat' dir='ltr'>adol.</span> <span class='ocrx_word' id='word_1_296' title='bbox 934 3443 983 3483; x_wconf 84' lang='lat' dir='ltr'>eto.</span> <span class='ocrx_word' id='word_1_297' title='bbox 1000 3428 1063 3482; x_wconf 72' lang='lat' dir='ltr'>Huc</span> <span class='ocrx_word' id='word_1_298' title='bbox 1079 3429 1145 3484; x_wconf 85' lang='lat' dir='ltr'>dicit</span> <span class='ocrx_word' id='word_1_299' title='bbox 1161 3431 1283 3498; x_wconf 74' lang='lat' dir='ltr'>brochis,</span> <span class='ocrx_word' id='word_1_300' title='bbox 1297 3433 1365 3487; x_wconf 87' lang='lat' dir='ltr'>dum</span> 
     </span>
     <span class='ocr_line' id='line_1_35' title="bbox 298 3503 1362 3580; baseline 0.007 -20"><span class='ocrx_word' id='word_1_301' title='bbox 298 3503 456 3570; x_wconf 83' lang='lat' dir='ltr'>oordstum).</span> <span class='ocrx_word' id='word_1_302' title='bbox 467 3505 592 3575; x_wconf 76' lang='lat' dir='ltr'>Deplorat</span> <span class='ocrx_word' id='word_1_303' title='bbox 603 3526 631 3560; x_wconf 84' lang='lat' dir='ltr'>se</span> <span class='ocrx_word' id='word_1_304' title='bbox 644 3525 699 3560; x_wconf 87' lang='lat' dir='ltr'>non</span> <span class='ocrx_word' id='word_1_305' title='bbox 716 3505 807 3561; x_wconf 80' lang='lat' dir='ltr'>ridere</span> <span class='ocrx_word' id='word_1_306' title='bbox 849 3509 977 3580; x_wconf 82' lang='lat' dir='ltr'>prospicit</span> <span class='ocrx_word' id='word_1_307' title='bbox 988 3508 1213 3574; x_wconf 72' lang='lat' dir='ltr'>Cliniam-At,</span> <span class='ocrx_word' id='word_1_308' title='bbox 1225 3516 1301 3566; x_wconf 73' lang='lat' dir='ltr'>retine</span> <span class='ocrx_word' id='word_1_309' title='bbox 1312 3533 1362 3578; x_wconf 82' lang='lat' dir='ltr'>me,</span> 
     </span>
     <span class='ocr_line' id='line_1_36' title="bbox 297 3586 1363 3656; baseline 0.008 -18"><span class='ocrx_word' id='word_1_310' title='bbox 297 3587 395 3639; x_wconf 74' lang='lat' dir='ltr'>amoris</span> <span class='ocrx_word' id='word_1_311' title='bbox 408 3587 449 3639; x_wconf 86' lang='lat' dir='ltr'>sui</span> <span class='ocrx_word' id='word_1_312' title='bbox 461 3586 569 3638; x_wconf 82' lang='lat' dir='ltr'>exitum.</span> <span class='ocrx_word' id='word_1_313' title='bbox 585 3586 660 3640; x_wconf 78' lang='lat' dir='ltr'>Boeel.</span> <span class='ocrx_word' id='word_1_314' title='bbox 851 3586 953 3642; x_wconf 80' lang='lat' dir='ltr'>obsecro.</span> <span class='ocrx_word' id='word_1_315' title='bbox 969 3589 1124 3656; x_wconf 77' lang='lat' dir='ltr'>Labentem,</span> <span class='ocrx_word' id='word_1_316' title='bbox 1133 3591 1224 3644; x_wconf 79' lang='lat' dir='ltr'>animo</span> <span class='ocrx_word' id='word_1_317' title='bbox 1232 3590 1363 3648; x_wconf 84' lang='lat' dir='ltr'>delicien-</span> 
     </span>
     <span class='ocr_line' id='line_1_37' title="bbox 338 3662 1363 3745; baseline 0.01 -27"><span class='ocrx_word' id='word_1_318' title='bbox 338 3662 806 3737; x_wconf 64' lang='lat' dir='ltr'>dosstepatremtuumoidiCoddaet</span> <span class='ocrx_word' id='word_1_319' title='bbox 849 3679 912 3732; x_wconf 88' lang='lat' dir='ltr'>tem,</span> <span class='ocrx_word' id='word_1_320' title='bbox 928 3687 1038 3740; x_wconf 87' lang='lat' dir='ltr'>preoor,</span> <span class='ocrx_word' id='word_1_321' title='bbox 1052 3669 1206 3723; x_wconf 78' lang='lat' dir='ltr'>sustineltn</span> <span class='ocrx_word' id='word_1_322' title='bbox 1214 3672 1363 3745; x_wconf 73' lang='lat' dir='ltr'>Antiphila,</span> 
     </span>
     <span class='ocr_line' id='line_1_38' title="bbox 296 3742 1362 3825; baseline 0.01 -29"><span class='ocrx_word' id='word_1_323' title='bbox 296 3742 366 3798; x_wconf 84' lang='lat' dir='ltr'>Edd.</span> <span class='ocrx_word' id='word_1_324' title='bbox 381 3742 414 3797; x_wconf 84' lang='lat' dir='ltr'>nd</span> <span class='ocrx_word' id='word_1_325' title='bbox 429 3763 513 3797; x_wconf 88' lang='lat' dir='ltr'>unum</span> <span class='ocrx_word' id='word_1_326' title='bbox 527 3764 618 3798; x_wconf 85' lang='lat' dir='ltr'>omnes</span> <span class='ocrx_word' id='word_1_327' title='bbox 628 3742 744 3810; x_wconf 77' lang='lat' dir='ltr'>addunt,</span> <span class='ocrx_word' id='word_1_328' title='bbox 756 3765 805 3798; x_wconf 79' lang='lat' dir='ltr'>esse</span> <span class='ocrx_word' id='word_1_329' title='bbox 847 3745 880 3800; x_wconf 78' lang='lat' dir='ltr'>sd</span> <span class='ocrx_word' id='word_1_330' title='bbox 890 3749 1008 3818; x_wconf 88' lang='lat' dir='ltr'>primum</span> <span class='ocrx_word' id='word_1_331' title='bbox 1017 3748 1111 3802; x_wconf 70' lang='lat' dir='ltr'>cliniis</span> <span class='ocrx_word' id='word_1_332' title='bbox 1118 3765 1362 3825; x_wconf 77' lang='lat' dir='ltr'>conspectum,prn</span> 
     </span>
     <span class='ocr_line' id='line_1_39' title="bbox 295 3821 1360 3902; baseline 0.01 -27"><span class='ocrx_word' id='word_1_333' title='bbox 295 3821 802 3895; x_wconf 74' lang='lat' dir='ltr'>habimm.SedbocglossemsesseBent.</span> <span class='ocrx_word' id='word_1_334' title='bbox 846 3827 1023 3882; x_wconf 76' lang='lat' dir='ltr'>nimialaetitis</span> <span class='ocrx_word' id='word_1_335' title='bbox 1031 3827 1117 3899; x_wconf 83' lang='lat' dir='ltr'>linqui</span> <span class='ocrx_word' id='word_1_336' title='bbox 1126 3830 1214 3902; x_wconf 75' lang='lat' dir='ltr'>eupit.</span> <span class='ocrx_word' id='word_1_337' title='bbox 1227 3829 1271 3884; x_wconf 78' lang='lat' dir='ltr'>sic</span> <span class='ocrx_word' id='word_1_338' title='bbox 1280 3831 1360 3886; x_wconf 82' lang='lat' dir='ltr'>ovid.</span> 
     </span>
     <span class='ocr_line' id='line_1_40' title="bbox 292 3903 1362 3981; baseline 0.009 -25"><span class='ocrx_word' id='word_1_339' title='bbox 292 3906 434 3970; x_wconf 78' lang='lat' dir='ltr'>existimat,</span> <span class='ocrx_word' id='word_1_340' title='bbox 455 3922 483 3956; x_wconf 87' lang='lat' dir='ltr'>sc</span> <span class='ocrx_word' id='word_1_341' title='bbox 499 3903 684 3975; x_wconf 80' lang='lat' dir='ltr'>magistrorum</span> <span class='ocrx_word' id='word_1_342' title='bbox 695 3905 801 3978; x_wconf 88' lang='lat' dir='ltr'>pruritu</span> <span class='ocrx_word' id='word_1_343' title='bbox 846 3904 956 3960; x_wconf 83' lang='lat' dir='ltr'>Heroid.</span> <span class='ocrx_word' id='word_1_344' title='bbox 967 3908 1008 3972; x_wconf 88' lang='lat'>11,</span> <span class='ocrx_word' id='word_1_345' title='bbox 1025 3909 1092 3961; x_wconf 82' lang='lat'>130:</span> <span class='ocrx_word' id='word_1_346' title='bbox 1110 3909 1266 3981; x_wconf 70' lang='lat' dir='ltr'>uLinquor,</span> <span class='ocrx_word' id='word_1_347' title='bbox 1279 3925 1307 3965; x_wconf 88' lang='lat' dir='ltr'>et</span> <span class='ocrx_word' id='word_1_348' title='bbox 1317 3931 1362 3966; x_wconf 80' lang='lat' dir='ltr'>sn·</span> 
     </span>
     <span class='ocr_line' id='line_1_41' title="bbox 289 3983 1280 4059; baseline 0.011 -26"><span class='ocrx_word' id='word_1_349' title='bbox 289 3983 435 4056; x_wconf 75' lang='lat' dir='ltr'>antiquitus</span> <span class='ocrx_word' id='word_1_350' title='bbox 448 3984 475 4036; x_wconf 88' lang='lat' dir='ltr'>in</span> <span class='ocrx_word' id='word_1_351' title='bbox 489 3994 563 4036; x_wconf 84' lang='lat' dir='ltr'>textu</span> <span class='ocrx_word' id='word_1_352' title='bbox 570 3983 713 4056; x_wconf 76' lang='lat' dir='ltr'>irrepsisse.</span> <span class='ocrx_word' id='word_1_353' title='bbox 735 3985 801 4038; x_wconf 82' lang='lat' dir='ltr'>Pro·</span> <span class='ocrx_word' id='word_1_354' title='bbox 846 3987 913 4042; x_wconf 84' lang='lat' dir='ltr'>eillis</span> <span class='ocrx_word' id='word_1_355' title='bbox 927 3987 1082 4059; x_wconf 76' lang='lat' dir='ltr'>excipienda</span> <span class='ocrx_word' id='word_1_356' title='bbox 1096 3986 1172 4042; x_wconf 80' lang='lat' dir='ltr'>eudo.</span> <span class='ocrx_word' id='word_1_357' title='bbox 1181 4013 1193 4035; x_wconf 74' lang='grc' dir='ltr'>ι</span> <span class='ocrx_word' id='word_1_358' title='bbox 1211 3989 1280 4044; x_wconf 83' lang='lat' dir='ltr'>Perl.</span> 
     </span>
     <span class='ocr_line' id='line_1_42' title="bbox 291 4059 1358 4140; baseline 0.007 -24"><span class='ocrx_word' id='word_1_359' title='bbox 291 4059 371 4118; x_wconf 72' lang='lat' dir='ltr'>betur</span> <span class='ocrx_word' id='word_1_360' title='bbox 381 4063 437 4120; x_wconf 67' lang='lat' dir='ltr'>hnc</span> <span class='ocrx_word' id='word_1_361' title='bbox 450 4063 516 4118; x_wconf 88' lang='lat' dir='ltr'>mibi</span> <span class='ocrx_word' id='word_1_362' title='bbox 532 4063 611 4136; x_wconf 69' lang='lat' dir='ltr'>Angli</span> <span class='ocrx_word' id='word_1_363' title='bbox 622 4063 730 4120; x_wconf 80' lang='lat' dir='ltr'>omissio</span> <span class='ocrx_word' id='word_1_364' title='bbox 742 4065 800 4136; x_wconf 84' lang='lat' dir='ltr'>qui·</span> <span class='ocrx_word' id='word_1_365' title='bbox 886 4072 1030 4134; x_wconf 48' lang='lat' dir='ltr'>domur.</span> <span class='ocrx_word' id='word_1_366' title='bbox 1049 4069 1164 4140; x_wconf 79' lang='lat' dir='ltr'>Disperii.</span> <span class='ocrx_word' id='word_1_367' title='bbox 1177 4069 1276 4126; x_wconf 71' lang='lat' dir='ltr'>Bidos.</span> <span class='ocrx_word' id='word_1_368' title='bbox 1289 4073 1358 4125; x_wconf 75' lang='lat' dir='ltr'>Perii</span> 
     </span>
    </p>
   </div>
   <div class='ocr_carea' id='block_1_5' title="bbox 0 0 1512 4860">
    <p class='ocr_par' dir='ltr' id='par_1_5' title="bbox 0 0 1512 4860">
     <span class='ocr_line' id='line_1_43' title="bbox 0 0 1512 4860; baseline 0 3"><span class='ocrx_word' id='word_1_369' title='bbox 0 0 1512 4860; x_wconf 95' lang='lat' dir='ltr'> </span> 
     </span>
    </p>
   </div>
  </div>
 </body>
</html>
