3052 4864
467 408 676 477 ANDRIA.
706 408 991 477 PROLOGUS.
1221 429 1257 472 ιι

197 543 335 624 Favete,
359 539 470 608 adeste
485 563 579 634 aequo
598 543 726 624 animo,
742 555 774 608 et
791 564 859 608 rein
880 540 1089 632 cognoscite,

198 649 249 716 Ut
263 647 464 739 pernoscatis
486 631 604 740 ecquid
626 648 695 740 spei
714 647 756 714 sit
777 644 961 739 reliquum,
1014 636 1017 646 ¹
1245 673 1267 708 ,ε

200 753 341 821 Posthac
355 775 437 846 quas
459 750 556 822 faciet
576 751 616 821 de
637 754 765 847 integro
784 749 983 836 comoedias,

201 857 394 952 Spectandae
412 882 454 926 an
473 857 641 953 exigendae
660 859 725 928 sint
741 858 834 926 vobis
857 859 958 950 prius.

200 1067 319 1138 gationes
332 1065 501 1134 invidorum,
515 1086 580 1140 quas
589 1069 696 1140 'repellit
704 1108 712 1133 ,
757 1085 844 1121 sensu:
851 1064 1266 1136 preaeseonaae'ssaaeedel'uffuire.

199 1147 275 1200 nulia
294 1145 329 1200 de
349 1147 470 1216 ipsorum
490 1148 616 1220 operibus
639 1166 713 1201 men·
800 1146 843 1200 25.
870 1146 906 1198 lle
919 1147 1077 1216 pernoscatis.
1098 1143 1150 1196 Alii
1166 1161 1197 1198 ex
1213 1143 1268 1196 MS.

202 1225 275 1279 tione
299 1227 377 1280 facta.
395 1257 435 1269 -
454 1226 589 1296 Melesecta
615 1226 714 1280 dicitur
757 1239 785 1277 ue
790 1230 963 1296 pernoscatis,
976 1221 1004 1276 id
1012 1236 1161 1294 est,p0eta.
1174 1224 1271 1276 Feras·

201 1304 235 1358 de
248 1303 403 1359 eorumdem
416 1306 510 1360 fabulis
520 1326 586 1378 quas
598 1307 714 1360 minatur
758 1305 818 1358 bias.
1024 1301 1027 1304 ’

201 1385 237 1438 ita
250 1403 304 1438 esse
317 1385 502 1452 excutiendas,
512 1398 542 1440 ut
556 1387 607 1458 ipsi
618 1404 713 1457 cogan-
800 1387 844 1438 ²6.
866 1385 904 1436 De
920 1387 1032 1454 integro,
1053 1384 1159 1454 penitus
1173 1401 1271 1446 novas,

201 1477 245 1517 tur
253 1482 314 1532 suos
322 1481 425 1517 errores
434 1483 586 1536 agnoscere,
599 1479 629 1518 ut
635 1465 715 1518 nimis
758 1465 862 1518 iterum.
873 1483 977 1536 -quos
977 1465 1056 1531 faciet
1064 1462 1191 1515 eomaedias
1198 1461 1207 1525 ,'
1220 1476 1269 1516 ete.

202 1535 276 1597 deire*
285 1543 349 1596 iecit
362 1543 495 1600 Recinins.
512 1546 547 1599 V.
560 1558 616 1598 not.
627 1563 661 1616 7,
678 1564 697 1598 s.
757 1543 891 1608 attractio,
906 1543 1075 1614 semitipsis,
1089 1556 1118 1595 ut
1130 1561 1167 1594 vs.
1183 1542 1209 1596 3.

244 1630 290 1687 24.
312 1623 409 1677 Favete.
440 1625 500 1678 Jam
523 1623 558 1678 ad
581 1623 715 1679 auditores
799 1643 843 1694 27.
859 1623 1002 1694 Spectandae
1016 1621 1203 1693 aneeigeadee‚
1219 1634 1268 1676 etc.

203 1701 305 1755 usitatis
333 1703 444 1758 vocibus
472 1705 643 1759 contuntur.
663 1718 714 1748 ·-
758 1703 820 1757 Post
840 1703 974 1774 spectandas
988 1701 1161 1756 subaudiatur
1175 1720 1223 1765 ne,
1246 1714 1272 1753 et

203 1783 312 1847 Adeste,
331 1781 447 1837 fabulam
468 1797 581 1856 spectate
594 1815 634 1825 -
648 1805 715 1857 oequo
757 1783 837 1837 totius
854 1784 989 1836 sententies
1006 1783 1043 1835 sic
1062 1780 1130 1834 ordo
1147 1779 1272 1853 dispona-

204 1866 301 1928 animo,
325 1863 405 1916 nullis
429 1865 549 1936 partibus
573 1863 714 1918 studentes.
759 1875 816 1916 tur:
829 1887 840 1910 ι
851 1875 881 1916 ut
888 1862 1049 1934 pernoscatis
1059 1859 1155 1932 ecquid
1166 1861 1199 1913 sit
1210 1861 1271 1914 reli·

202 1975 242 1986 -
254 1943 312 1995 Rem
327 1947 477 2013 cognoscite,
495 1963 546 1998 vox
562 1962 576 1997 e
593 1946 652 1998 foro
668 1941 714 1996 de·
759 1960 842 2012 quum
862 1941 935 2012 spei,
952 1938 1088 1994 comoedise
1109 1957 1173 2010 quas
1194 1941 1272 1994 facies

204 2023 472 2094 prompta-Ergolies
479 2023 523 2076 hic
533 2043 588 2078 non
596 2021 629 2076 ad
642 2023 716 2074 febu-
760 2020 793 2074 de
811 2022 931 2091 integro,
947 2021 997 2072 sint
1011 2039 1045 2072 ne
1060 2017 1210 2089 spectanda
1227 2039 1273 2071 vo·

204 2100 257 2152 lam
267 2113 368 2154 tanturn
378 2103 509 2173 pertinet,
520 2101 565 2156 sed
575 2100 715 2172 adjustum
760 2100 810 2162 bis,
820 2119 852 2152 un
863 2097 1006 2168 exigendae,
1015 2098 1081 2150 etc.»
1091 2131 1129 2140 —
1138 2099 1274 2168 Exigendae

205 2178 404 2233 estimationem
414 2192 509 2251 poete,
518 2193 543 2234 et
552 2181 715 2252 objurgatio·
760 2183 808 2230 sint
825 2179 894 2230 vobis
907 2182 983 2248 praes.
1001 2174 1190 2237 Excludendae,
1212 2179 1273 2248 reji-

206 2275 271 2309 num
279 2276 339 2329 quse
347 2260 376 2311 iu
385 2272 639 2330 eumcongeruntur.
649 2258 715 2311 Fere
761 2256 859 2312 ciendae
892 2277 906 2310 a
933 2258 1029 2323 nobis,
1052 2258 1093 2309 vel
1121 2257 1273 2328 priusquam

206 2335 327 2391 similiter
346 2336 445 2392 dicitur
462 2339 570 2410 gallice,
596 2339 716 2392 absolmo
760 2350 879 2409 spectate
895 2337 1002 2390 fuerint.
