3014 4860
360 375 548 443 untur.
577 374 685 444 scr.
713 377 783 462 tu,
811 376 881 445 sc.
910 377 1001 444 vtt.
1141 377 1210 463 43·

145 513 238 600 Quas
260 533 323 606 pro
343 507 507 577 alimentis
529 532 600 577 esse
620 533 711 577 nunc
727 508 817 579 duco
837 507 940 577 datas.

145 622 252 687 Hasce
269 614 472 686 ornamentis
489 629 735 709 consequentur
756 614 876 685 alterae.

146 727 251 794 Porro
268 725 340 792 haec
360 721 485 791 talenta
502 720 588 789 dotis
610 721 770 816 adposoet
790 721 866 790 duo.

145 833 258 920 Quam
276 828 401 914 multa,
422 827 545 922 injusta
562 851 601 896 ac
623 853 747 923 prava,
761 828 847 896 fiunt
864 824 1031 897 moribus!

145 939 233 1029 Mihi
247 961 355 1022 nunc,
375 933 497 1005 relictis
515 934 631 1022 rebus,
648 934 866 1004 inveniendus
887 947 938 1003 est
1178 971 1219 1014 tt·

146 1042 288 1138 Aliquis,
308 1042 422 1112 labore
442 1043 579 1111 inventa
600 1065 674 1110 mea
696 1040 848 1110 cuidem
869 1043 969 1110 bona.

144 1286 185 1303 -.-
199 1254 257 1307 lans
277 1254 328 1306 dec.
350 1253 408 1306 tab.
426 1273 443 1304 a
465 1271 501 1304 me
510 1249 552 1321 fii.
576 1250 656 1304 Both.
704 1249 781 1304 dahis
798 1269 848 1323 pro
867 1251 944 1305 nudo
963 1271 1092 1324 corpore,
1112 1267 1216 1310 tantum

144 1335 224 1406 legit,
238 1337 294 1408 jam
309 1331 368 1403 stiin
386 1354 402 1386 a
419 1352 454 1384 me
473 1331 528 1384 irab.
546 1329 598 1383 dea.
618 1363 659 1374 -
702 1349 753 1402 pro
765 1331 940 1398 vestimentis,
953 1333 1008 1386 sive
1022 1337 1191 1391 ornamentis.
1203 1365 1214 1384 .

144 1416 228 1468 Minas
241 1415 335 1488 quidem
346 1415 398 1482 jam
408 1413 501 1474 decern,
516 1422 567 1463 eto.
580 1411 659 1464 Com·
702 1440 744 1450 -
770 1412 883 1475 Altera,
908 1413 1003 1485 supple
1034 1414 1113 1466 decern
1136 1420 1216 1472 mina.

144 1508 221 1565 putat
248 1495 323 1565 qussi
349 1491 439 1565 digitis
463 1509 566 1556 senex;
592 1502 659 1560 quot
745 1489 956 1568 838.Adpasaet.
970 1493 1217 1568 SicBentleiopro·

144 1574 305 1646 quantisque
321 1586 414 1626 auctus
430 1571 465 1626 sit
483 1570 603 1635 damnis,
618 1571 658 1624 in·
702 1571 825 1636 batensi
836 1572 961 1640 Perleto,
974 1593 1010 1628 sc.
1021 1574 1137 1640 filia‚vs.
1150 1577 1217 1631 835.

144 1668 224 1708 venta
236 1651 353 1718 lilia‚ad
364 1653 504 1717 alimenta,
517 1669 659 1703 ornamen·
703 1650 800 1722 Vulgo'
822 1653 960 1722 adposcent.
982 1686 1024 1698 -
1040 1655 1100 1707 Dno
1128 1659 1217 1710 talenta

145 1747 185 1800 ta,
198 1733 299 1788 dotem.
312 1731 560 1788 Farnab.-Minas
570 1731 659 1784 decem.
703 1730 776 1783 dotis.
792 1730 873 1784 Unde
889 1733 939 1804 ipsi
953 1730 1002 1786 dos
1015 1747 1127 1789 constet.

143 1815 243 1880 Erant,
254 1811 328 1885 quod
339 1813 425 1865 Bentl.
439 1812 660 1883 opinatur‚decern
745 1811 813 1880 839.
829 1812 924 1882 Injasta
939 1832 968 1865 ae
978 1832 1068 1882 prava.
1085 1816 1120 1870 G.
1138 1816 1216 1872 Fabr.

144 1899 216 1946 rnt'rroe
225 1907 322 1948 statum
334 1893 450 1964 pretium
460 1911 510 1963 pro
520 1891 661 1944 vestimen·
697 1891 768 1959 justa
782 1893 881 1961 t'rrjasta.
898 1892 964 1956 Qute
984 1891 1063 1946 lectio
1079 1908 1117 1947 est
1135 1896 1217 1967 Eugr.

147 1973 334 2028 tis.SicPlaut.
344 1973 423 2026 Cure.
435 1974 474 2034 11,
485 1991 531 2038 11¹,
544 1975 592 2035 64,
606 1972 641 2026 65
652 1989 659 2025 ε
703 1969 783 2023 Haud
797 1972 888 2044 inepte
903 1973 1023 2025 Dacieria
1038 1973 1169 2029 existimat
1180 1977 1218 2029 le-

151 2055 239 2119 ·Quia
248 2053 281 2107 de
291 2073 323 2106 eo
335 2055 388 2108 erni
399 2053 528 2122 virginem
540 2051 661 2121 Triginta
703 2049 821 2120 gendum
835 2071 904 2112 esse,
919 2071 989 2124 quarn
1003 2052 1081 2104 muita
1090 2057 1179 2123 injusta
1189 2077 1218 2109 ac

143 2135 240 2197 minis,
257 2147 370 2198 vestem,
390 2149 498 2186 aurum:
521 2143 548 2184 et
565 2150 612 2201 pro
630 2135 660 2184 iis
700 2149 795 2199 prava,
807 2134 878 2201 justa
891 2132 917 2198 f.
938 2127 1061 2184 moribus!
1074 2163 1114 2176 -
1136 2136 1217 2204 Onam

143 2214 222 2266 decem
234 2215 436 2266 aecedentminoe.
448 2212 543 2264 Perlet.
703 2211 794 2274 multa,
813 2223 863 2264 eto.
886 2213 982 2264 Sensus
1004 2230 1011 2264 :
1032 2231 1112 2283 quam
1134 2217 1218 2268 multa

186 2296 254 2348 836.
270 2295 408 2347 Aiirnantt‘s.
423 2292 484 2345 Lib.
499 2291 587 2344 Vatie.
602 2292 659 2344 itar-
703 2302 767 2343 sunt
780 2309 854 2362 quae,
874 2310 923 2363 per
937 2310 963 2344 se
979 2291 1129 2363 improbata
1140 2297 1218 2349 nobis

145 2372 340 2445 tamenetsltid.
357 2373 415 2424 Bas.
429 2371 475 2425 sed
489 2372 545 2424 sine
559 2372 659 2442 aspira·
702 2369 922 2424 consuetudinem
946 2371 1007 2424 vitas
1030 2375 1219 2444 sequentibus,
1296 2437 1298 2444 .

143 2455 226 2508 tione.
234 2453 405 2524 Eugmphius
412 2470 520 2522 quoque
527 2451 660 2504 hortamen·
702 2449 845 2504 rideantur
863 2452 983 2522 probari.
997 2483 1037 2494 -
1056 2454 1218 2508 Fiuntntmr'·

143 2540 194 2596 tt's‚·
205 2547 232 2587 et
240 2532 330 2599 addit,
340 2534 473 2584 hortatores
482 2532 532 2583 dici
539 2535 581 2603 qui
588 2553 659 2605 equas
703 2531 754 2584 bas.
768 2521 945 2600 Recipiuntni·
959 2551 1035 2586 more
1048 2533 1219 2589 eonsuetudi-

142 2617 260 2667 nutrt'ant.
272 2611 466 2680 Sed‚alitnentis
477 2611 656 2666 retinendum·
702 2630 790 2682 neque
806 2610 889 2664 civili.

142 2695 276 2748 Boealeras.
291 2726 332 2738 -
347 2693 502 2746 Lectionem
521 2710 601 2762 quam
615 2711 658 2744 re·
743 2693 807 2754 840.
820 2693 920 2744 Relictis
938 2692 1014 2746 rehtu.
1032 2695 1065 2746 In
1077 2694 1137 2748 aliis
1151 2695 1217 2750 Mes.

144 2776 264 2848 cepimus
279 2795 311 2828 ex
326 2774 429 2827 Perleto
444 2773 607 2826 exhibentC.
621 2772 656 2825 G.
692 2770 810 2846 ,Mureto
832 2785 914 2837 teste,
932 2774 1021 2826 relictis
1044 2774 1160 2829 amnibus.
1175 2809 1217 2841 -Γ

144 2857 189 2909 oh.
204 2868 231 2909 et
244 2857 306 2910 Mes.
315 2855 516 2909 We-Dnco.
531 2853 582 2904 Alii
595 2853 658 2906 dieo.
703 2851 798 2914 liebus,
813 2851 935 2904 fortunis.

144 2965 185 2980 -·-
196 2936 334 2989 Alimentis.
350 2933 527 2987 Nutrimeutis
543 2934 608 3004 ejus.
618 2963 660 2975 --
746 2933 813 2995 841.
829 2932 897 2984 Mea.
913 2932 967 2984 Alii
979 2953 1039 2985 meo.
1050 2961 1091 2974 —-
1102 2935 1215 3007 Aliquis,

144 3015 226 3068 Duae.
239 3014 361 3066 AEstimo.
704 3011 817 3081 supple,
836 3011 883 3082 qui
904 3009 984 3064 ducat
1003 3013 1086 3065 liliam
1106 3033 1217 3068 uxorem

187 3095 255 3164 837.
275 3094 440 3146 Ornamentis.
454 3091 486 3145 C.
502 3090 536 3144 G.
553 3091 597 3144 eh.
611 3093 659 3144 ali·
704 3087 899 3161 duceudoque‚
913 3089 968 3144 dno
980 3093 1078 3145 talenta
1092 3092 1162 3146 dotis
1172 3114 1217 3147 ac·

145 3179 239 3226 inentis.
253 3170 324 3226 Ibid.
339 3171 367 3224 in
380 3189 461 3240 marg.
474 3189 502 3241 p.
519 3189 575 3223 var.
587 3189 659 3223 orna-
703 3169 793 3241 cipiet,
799 3168 874 3242 quod
881 3171 1031 3242 praecipuus
1038 3173 1123 3225 estilli
1130 3172 1217 3230 dolor.

145 3258 296 3307 mentis.·-
312 3253 473 3305 Ornamentis.
493 3250 659 3323 «Utsuppe-
703 3283 745 3293 -
758 3249 830 3302 Bona
852 3270 904 3302 ntea
926 3256 1020 3304 tnrenta
1038 3251 1127 3304 labare.
1147 3253 1220 3325 Opes

145 3333 266 3388 ditentur
277 3343 442 3385 ornamenta.
455 3355 466 3376 ι
480 3329 590 3382 Dativus
602 3343 659 3396 est,
704 3348 776 3382 meas
797 3348 862 3404 quas
882 3330 975 3384 labore
994 3333 1157 3401 comparavi.
1175 3334 1218 3388 Si-

146 3427 191 3468 ant
209 3414 356 3476 ablativus,
372 3427 511 3482 suppressa
532 3410 660 3482 preposi-
704 3411 805 3463 militer
821 3410 964 3468 Chremes.
982 3411 1063 3476 inira,
1077 3429 1116 3464 vs.
1134 3419 1216 3477 1042.

144 3495 219 3548 tione
227 3513 282 3566 pro.
294 3524 334 3534 -
347 3492 497 3544 Ornamentis
511 3501 574 3542 sunt
585 3493 659 3542 oesti-
703 3519 744 3530 -·
756 3491 833 3554 Dens,
850 3507 912 3542 oum
926 3489 981 3543 titia
997 3489 1094 3544 dotsta.
1108 3523 1148 3534 -—
1159 3493 1217 3547 Mea

146 3588 234 3626 menta.
251 3575 314 3626 Hac
326 3585 413 3624 autem
429 3569 570 3642 separatim
584 3588 660 3622 cura·
703 3574 743 3622 cai
755 3571 821 3634 dent,
838 3581 887 3621 ete.
901 3568 950 3622 llis
962 3569 1165 3641 intelligendum
1179 3589 1218 3630 est

144 3655 245 3708 bantur
258 3655 291 3707 ab
305 3653 434 3706 alimentis.
451 3675 462 3696 ι
474 3651 542 3702 Nam
555 3649 583 3701 in
595 3667 662 3702 sen·
704 3649 877 3702 Chremetem
884 3649 1027 3702 omniasua
1037 3651 1109 3704 bona
1117 3650 1181 3706 dare
1190 3675 1219 3708 se

146 3735 251 3787 ditione
268 3746 295 3787 et
310 3732 446 3804 emptione
464 3729 660 3800 mancipiorum
703 3727 919 3800 arbitrari‚quod
935 3729 1035 3783 horum
1046 3743 1149 3801 partem
1161 3747 1219 3787 tan·

145 3812 288 3886 separatim
310 3813 375 3866 olim
396 3811 541 3883 agebstur:
558 3822 660 3864 tantum
704 3821 763 3863 tum
776 3807 868 3862 donat.
