3040 4866
385 394 582 466 innati.
612 397 717 466 aer.
746 398 987 485 1V‚so.11.
1175 423 1218 494 91

149 529 283 600 Videre
294 529 340 598 ait
351 543 382 596 te
392 553 522 624 cupere.
536 532 594 598 Pi.
604 529 694 612 Vah,
707 525 802 624 perii!
814 531 879 600 boc
888 529 1011 600 malum
1024 531 1224 626 integrescit.

150 636 287 705 Siccine
296 659 350 704 me
358 649 455 730 atquc
464 634 551 704 illam
564 661 665 730 opera
675 651 730 705 tua
739 661 828 706 nunc
842 638 977 706 miseros
985 635 1174 709 sollicitari?
1186 668 1225 719 a..

152 745 246 812 Nam
262 743 384 814 idcirco
400 767 564 831 arcessor,
578 744 710 838 nuptias
725 743 815 838 quod
831 741 877 814 ml
891 742 1044 838 adparari
1058 745 1169 814 sensit.

155 851 227 918 Cu.
245 848 376 938 Quibus
401 849 534 944 quidem
560 873 658 944 mam
684 849 778 920 facile
796 864 949 946 potuerat
967 852 1107 944 quiesci,
1127 852 1153 920 si
1171 850 1226 920 bic

319 957 469 1050 quiesset.

156 1063 228 1136 De.
246 1065 335 1158 Age,
353 1063 380 1132 si
394 1062 530 1132 hicnon
548 1064 669 1133 insanit
686 1065 762 1134 satis
780 1087 839 1133 sua
855 1076 990 1158 sponte,
1010 1064 1136 1159 instiga.
1153 1065 1224 1133 Mr.

318 1171 427 1264 Atque
445 1168 570 1264 aedepol

158 1277 211 1344 Ea
226 1300 278 1346 res
294 1289 363 1355 est;
380 1290 622 1371 proptereaque
640 1302 728 1348 nunc
746 1280 866 1348 misera
877 1278 913 1346 in
931 1301 1073 1346 moerore
1090 1290 1149 1346 est.
1166 1279 1226 1346 Pi.

318 1383 436 1476 Mysis,
765 1393 769 1402 '

158 1491 226 1557 Per
243 1513 358 1557 omnes
380 1489 439 1558 tibi
459 1489 574 1582 adjuro
592 1492 702 1579 Deos,
721 1515 892 1585 nunquam
914 1515 987 1559 eam
1009 1513 1062 1558 me
1081 1488 1227 1558 desertu-

321 1619 411 1683 rum,
906 1669 907 1672 ,
1191 1625 1230 1677 ⁶⁹⁵
1300 1626 1305 1635 ’

156 1702 255 1784 Non,
268 1702 295 1770 si
309 1701 489 1798 capiundos
498 1703 578 1771 mihi
590 1707 691 1772 sciam
700 1729 769 1772 esse
778 1703 929 1772 inimicos
939 1727 1057 1774 omnes
1067 1702 1226 1770 homines.

160 1809 257 1876 Hanc
280 1809 325 1876 mi
346 1811 508 1904 expetivi3
529 1813 689 1906 contigit3
711 1811 913 1880 conveniunt
933 1834 1052 1880 mores.
1069 1807 1228 1890 Valeant,

160 1915 231 2002 Qui
249 1916 335 1984 inter
355 1941 415 1986 nos
434 1916 608 1986 discidium
624 1917 748 1985 volunt.
766 1919 877 2001 Hanc,
892 1917 953 1984 nisi
971 1939 1081 2000 mors,
1099 1917 1145 1982 mi
1161 1913 1228 1982 adi·

321 2037 389 2092 met
410 2047 519 2092 nemo.

204 2223 270 2289 689.
282 2221 380 2292 Capera.
392 2221 674 2276 sabaudiae-Vah.
720 2253 760 2262 -—
775 2223 908 2276 Charinus
924 2221 984 2276 lacit
1006 2220 1230 2275 continuationem

164 2300 315 2370 luterjectio
327 2299 449 2355 dolentis.
461 2332 500 2342 —
511 2304 567 2355 Hoc
578 2303 673 2356 mulum.
718 2302 1130 2373 sermonisPampbili.-Quibus
1136 2301 1231 2372 quiesci,

164 2380 248 2432 Dolor
264 2393 303 2434 est
314 2399 394 2452 quern
407 2381 487 2434 sensit
506 2383 674 2454 Pamphilus,
719 2383 844 2454 aquibus
866 2372 997 2452 (nuptiis)
1011 2382 1089 2434 liberi
1102 2392 1129 2434 et
1149 2379 1231 2451 quieti

163 2457 196 2512 ad
205 2461 312 2530 nuptias
325 2461 421 2514 invisas
430 2460 553 2520 adactus.
567 2483 598 2516 ex
614 2483 674 2518 oou·
718 2481 865 2516 noaomues
871 2461 1229 2533 potueramusesse.-Quem

162 2539 227 2592 siliis
241 2540 364 2594 Davi-
374 2543 519 2611 Integrascit
526 2563 536 2605 ,·
552 2556 590 2595 est
601 2543 675 2614 quasi
712 2541 790 2608 faede
803 2549 937 2614 proquam
946 2542 1071 2609 facillime.
1079 2539 1143 2592 vid.
1156 2558 1229 2610 supr.

162 2619 676 2694 vulnusquodincrudescit.1nterpretes
718 2641 744 2674 v.
764 2623 832 2686 136,
846 2639 905 2693 pag.
921 2626 966 2676 26.
979 2621 1155 2674 -Potuerat
1171 2619 1228 2672 ttts.

163 2699 248 2770 gallici
261 2701 353 2754 volunt
365 2701 409 2756 liic
424 2702 464 2770 agi
480 2701 515 2756 de
528 2703 598 2756 malo
611 2702 675 2775 Gts-
720 2701 794 2772 quid.
805 2715 831 2754 et
840 2701 903 2754 editi
916 2713 1022 2772 poterat.
1038 2733 1077 2744 -
1093 2701 1159 2762 tlte,
1174 2702 1228 2754 Da-
1244 2703 1247 2714 '

162 2783 228 2832 cerii.
242 2779 327 2834 Satius
343 2795 383 2834 est
394 2782 493 2836 referre
504 2781 536 2836 ad
548 2781 675 2854 Pamphi·
718 2799 777 2834 vus·
791 2811 832 2822 --
849 2783 976 2850 Quiesset,
993 2780 1062 2834 nibil
1082 2781 1213 2834 movisset.

163 2859 232 2923 trun,
245 2861 308 2931 quia
318 2862 346 2913 τὸ
358 2865 511 2931 integrescit,
523 2863 623 2916 malum
633 2863 675 2914 in·
761 2861 826 2930 693.
836 2861 910 2932 Aga,
919 2861 1064 2933 alloquitur
1074 2861 1229 2916 Charinum.

161 2937 234 2994 dicat
245 2941 299 3010 jam
314 2953 389 2994 antea
402 2955 586 2996 memoratum.
601 2941 676 2996 Fecit
718 2973 759 2984 --
774 2941 804 2994 St
818 2943 857 2994 lu'c
882 2954 933 2996 etc.
956 2942 1089 3009 Quoniam
1114 2941 1159 2994 bic
1176 2959 1232 2993 non

164 3029 251 3070 autem
265 3030 342 3088 poeta
350 3023 502 3091 nuperrime
513 3023 674 3076 mentionem
717 3021 779 3074 satie
788 3021 909 3077 insanm.
918 3022 969 3076 Per
978 3021 1091 3076 ironiam
1099 3031 1125 3074 et
1135 3039 1230 3093 expro·
1304 3053 1309 3060 ·

166 3093 200 3150 de
207 3096 341 3167 Pamphili
353 3097 542 3170 desperatione.
717 3101 867 3156 linationem
880 3099 991 3156 dictum.

206 3179 270 3245 690.
287 3175 379 3230 Siccae
396 3199 433 3232 nte
451 3193 522 3252 atque
542 3181 607 3234 illam
622 3194 673 3238 eto.
759 3185 825 3250 694.
847 3183 890 3236 Ea
908 3201 945 3236 res
961 3195 1015 3246 est,
1039 3183 1058 3236 i.
1081 3200 1104 3235 e.
1126 3183 1232 3252 nuptiae
1250 3229 1251 3232 ,

167 3255 674 3332 ApostropheadDavumetobjurgatio.
718 3262 840 3332 apparari
860 3263 952 3328 sensit,
976 3281 1044 3317 vers.
1063 3265 1129 3330 691.
1150 3263 1233 3332 Mysis

168 3367 205 3378 -
220 3335 362 3390 Sollicitari.
374 3339 453 3410 Vulg.
467 3340 635 3403 sollicitarum
646 3354 674 3396 at
717 3340 859 3412 respondet
880 3339 915 3394 ad
935 3341 965 3396 id
984 3341 1058 3414 quod
1077 3342 1231 3416 Pamphilus

165 3416 211 3468 Be.
224 3416 281 3470 Mu.
292 3417 391 3470 tollunt
402 3437 558 3490 paragogen.
566 3419 632 3473 Peri.
717 3421 872 3492 suspicatur,
881 3439 933 3476 eea
945 3423 1070 3493 Glycerio
1081 3425 1188 3484 mcesd,
1198 3423 1232 3476 de

207 3499 274 3564 691.
296 3495 413 3556 Arce-asor
433 3515 448 3549 a
470 3499 605 3569 Glycerio.
625 3501 672 3554 Br·
716 3501 819 3569 nuptiis
829 3501 949 3573 quasilla
963 3500 1162 3556 reformidabat.

167 3575 242 3627 Bent.
255 3578 380 3630 Accersor.
391 3575 526 3640 -Senstn
540 3597 595 3633 non
607 3581 677 3632 aradi·
760 3584 827 3650 696.
844 3581 992 3652 Capriandas,
1007 3581 1195 3652 suscipiendos.

168 3657 209 3708 rit.
230 3653 324 3710 Subest
347 3653 449 3730 aliquid
471 3654 625 3726 delicatius,
650 3672 677 3714 et
760 3664 828 3732 697.
842 3661 962 3732 Contigit.
970 3679 1029 3714 eam
1036 3662 1148 3716 obtinui.
1161 3663 1231 3718 Vide

167 3735 248 3804 magis
267 3735 498 3793 accommodatum
511 3735 546 3792 ad
561 3740 676 3794 anxiet&
720 3736 755 3792 ed
769 3739 850 3794 Ouid.
870 3743 984 3805 emm,
1001 3760 1029 3811 7,
1042 3741 1086 3805 43.
1101 3775 1141 3786 --
1151 3743 1232 3797 Mores

168 3827 219 3866 tem
240 3815 344 3870 feminae
370 3817 489 3872 amantia.
514 3817 557 3872 Sic
578 3818 675 3891 virgil.
721 3820 860 3892 uniusque
874 3821 1229 3886 nostrum.-Valeart‚·b.

168 3893 273 3947 AEneid.
287 3895 338 3960 IV,
354 3899 424 3965 296,
442 3915 496 3968 sq:
722 3919 745 3954 e.
759 3901 869 3965 abeant,
886 3899 1024 3966 recedant,
1037 3915 1062 3956 et
1072 3902 1184 3956 formula
1194 3917 1232 3956 est

195 3987 680 4049 Atreqiuedolos.(qnlsfallercpouitanuuteus')
724 3981 812 4034 omnia
826 3982 980 4052 spernentis.

195 4061 300 4106 erasm,
311 4063 653 4114 motusquerxrrpitprimluturoc.
767 4062 831 4127 698,
868 4061 941 4114 Libri
971 4062 1074 4133 antiqui
1101 4063 1231 4118 dissidium.
