3014 4860
301 401 378 488 [pall
516 406 701 475 PUBLII
728 407 1001 477 TERENTII
1028 408 1160 478 AFRI

299 537 411 624 Quam
434 552 608 632 argentum
628 539 790 628 bahem,
807 539 898 635 quod
913 539 1060 642 daturusx
1068 541 1138 635 jam
1153 539 1213 609 fui.

299 645 399 712 Cur.
414 642 505 731 Quid
520 645 623 741 igitur
636 646 697 715 tibi
713 649 762 717 vis
777 646 907 717 dicam?
920 647 1044 735 Abisti,
1064 647 1147 717 mihi

299 750 452 819 Amicam
472 749 626 840 adduxti,
642 777 742 848 quam
758 779 826 822 non
845 752 943 824 liceat
959 768 1104 849 tangere.

300 856 382 928 Sta.
404 858 478 926 Jam
500 883 569 928 non
589 883 662 928 sum
683 861 794 931 iratus.
811 861 875 930 Sed
894 859 986 946 scin’,
1002 861 1061 931 ubi
1077 886 1166 931 nunc
1186 861 1229 930 sit
1249 861 1307 931 o'bi
1334 895 1373 931 ι..

299 963 371 1032 Τιιιι
385 963 543 1034 Bacchis?
557 968 656 1036 Cum.
669 967 770 1061 Apud
785 993 856 1039 nos.
871 971 953 1038 Sam.
968 969 1057 1038 Non.
1070 971 1169 1038 Cam.
1186 967 1255 1036 Ubi
1271 968 1374 1064 ergo?

460 1072 544 1141 Sra.
563 1072 662 1167 Apud
679 1071 831 1144 Cliniam.

298 1177 398 1248 Cum.
423 1174 521 1247 Perii!
545 1181 625 1250 Srn.
644 1184 739 1249 Bono
758 1183 870 1253 animo
887 1181 1027 1274 estjam
1049 1195 1226 1278 argentum
1241 1181 1285 1250 ad
1301 1206 1375 1252 eam

364 1327 369 1338 ι
458 1283 599 1371 deferes,

301 1389 402 1478 Quod
427 1392 458 1460 ei
481 1415 516 1461 es
541 1390 716 1487 pollicitus.
743 1394 842 1464 Cin.
867 1396 994 1466 Garris.
1015 1392 1136 1491 Undel
1154 1397 1237 1465 Srn.
1263 1397 1294 1464 A
1316 1409 1375 1464 tuo

460 1512 564 1592 patre.

340 1683 408 1739 818.
423 1683 482 1736 Tibi
494 1688 534 1737 nis
551 1683 705 1740 ᾰίιαιιιΡΙιιι
719 1686 813 1741 oolloo.
859 1687 970 1741 reticere
993 1686 1067 1759 quod
1093 1687 1194 1741 iecerit.
1214 1685 1376 1740 «Mittamus

301 1781 333 1814 ex
346 1762 422 1816 Bent.
436 1763 505 1817 Perl.
517 1777 543 1817 et
553 1765 632 1819 Both.
644 1778 675 1819 ut
686 1766 718 1822 C.
731 1766 767 1822 G.
776 1786 813 1820 m.
859 1767 917 1821 ista.
940 1767 1027 1821 Facile
1051 1767 1157 1839 ignosco
1182 1766 1241 1820 tihi.
1266 1765 1375 1820 Luhido

302 1841 374 1914 vulg.
388 1842 437 1896 δῖε.
451 1843 496 1895 tibi
507 1847 555 1896 vis.
569 1875 611 1888 —-
626 1846 719 1899 Aluti.
737 1847 813 1901 Bent.
860 1859 921 1913 tua,
938 1865 994 1900 non
1013 1848 1078 1900 seria
1100 1847 1190 1919 aliqua
1209 1844 1376 1918 indignatio,

302 1934 387 1975 mutat
396 1923 469 1975 abisti
484 1923 512 1975 in
524 1925 616 1989 adimi,
628 1925 730 1997 quippe
741 1926 815 1998 quod
859 1927 921 1981 talia
946 1928 993 1981 tihi
1015 1928 1096 1982 verba
1118 1924 1239 1980 dictavit.
1262 1926 1377 1980 Potieris

302 1999 385 2071 Syrus
395 2021 526 2075 nusqtram
537 2005 641 2058 abierit.
648 2004 702 2058 Sed
712 2006 765 2060 hoc
775 2008 816 2061 vir
858 2021 948 2062 voto.»
960 2005 1042 2073 Quod
1050 2005 1151 2060 indicat
1158 2007 1375 2077 interrogatione.

300 2080 452 2152 ingeniosus
462 2101 518 2136 non
531 2085 592 2139 satis
603 2085 712 2152 hahens,
720 2105 816 2140 mamus
859 2087 1006 2158 plurimum
1022 2087 1079 2159 spei
1093 2085 1293 2140 demonstrante
1310 2103 1317 2138 :
1333 2086 1378 2136 sed

301 2159 377 2215 addit
393 2175 453 2234 post
470 2164 544 2227 milii,
565 2151 729 2218 utPlahtino
740 2184 815 2221 more
859 2171 910 2220 scin
933 2167 974 2220 ubi
994 2187 1058 2220 nunc
1077 2171 1112 2220 sit
1130 2167 1175 2219 tibi
1193 2178 1236 2218 tua
1250 2165 1376 2218 Bacchis?

301 2241 434 2296 Nostrum
447 2241 542 2297 reddat
556 2245 726 2317 loquentem
739 2259 816 2300 cete·
860 2247 1045 2319 Interponitur
1055 2247 1144 2321 aliqua
1155 2247 1213 2317 spei
1225 2263 1317 2310 mora,
1329 2263 1376 2298 co·

301 2339 362 2374 rum
380 2322 491 2391 phrasin
516 2324 584 2378 adim
607 2343 702 2378 mansos
722 2327 814 2391 oliam,
860 2326 932 2381 mico
953 2326 1074 2389 invento.
1092 2339 1121 2380 ut
1142 2339 1269 2397 augeatur
1291 2325 1377 2378 hene·

300 2401 530 2472 profiscuum,
544 2424 585 2458 seu
594 2405 692 2472 fulcro,
704 2407 817 2478 explica·
859 2395 915 2460 fi'cii
934 2407 1025 2478 gratie.
1047 2405 1100 2461 Sed
1120 2405 1291 2477 abrumpitur
1311 2423 1378 2459 mox

302 2488 386 2535 turus!
398 2515 439 2524 —
451 2483 532 2554 B⁰ll¹·
548 2483 644 2556 recipit
657 2486 769 2555 adegisti.
777 2519 816 2530 --
860 2486 1075 2542 familiariterilla
1083 2486 1273 2540 ιιιοιιτιΒοιιο
1284 2483 1376 2537 animo

303 2560 374 2631 Quid
391 2563 467 2631 igiter
481 2564 527 2616 tibi
542 2567 582 2616 vis
596 2565 689 2631 dean,
706 2568 815 2638 supple,
860 2585 888 2620 es
898 2585 905 2620 :
913 2568 969 2640 jam
980 2580 1118 2640 argentum
1129 2564 1163 2622 ad
1173 2585 1232 2620 eam
1241 2563 1372 2620 deleres.-

302 2641 349 2692 sut
361 2659 397 2692 mc
406 2643 470 2694 velis
483 2654 506 2695 te
516 2645 651 2714 perditum,
665 2659 716 2700 etc.
724 2647 816 2701 Minus
860 2647 919 2702 Hoc
931 2647 1002 2700 enim
1012 2660 1052 2702 est
1060 2647 1218 2719 primarium
1226 2642 1298 2698 istud
1311 2662 1377 2697 con·

300 2717 358 2772 htec
371 2723 572 2790 contumaciter,
588 2725 717 2797 vultuque
726 2727 817 2779 remis·
860 2726 947 2780 silium
958 2726 1035 2798 Syri,
1044 2728 1119 2799 cujus
1125 2745 1202 2780 causa
1213 2722 1375 2780 Bacchidem

301 2797 387 2863 aiore,
404 2819 454 2872 per
472 2804 588 2874 speciem
610 2815 698 2858 tamen
719 2804 817 2858 delen·
860 2804 1024 2861 adduxerat:
1038 2808 1135 2879 cuique
1148 2805 1379 2860 difficultatesoo·

302 2877 386 2933 sionis
398 2879 471 2934 dicit.
481 2883 724 2937 Baetem-Aliso.
733 2885 816 2937 Nem·
860 2887 937 2938 mica
948 2886 1077 2938 meterius
1084 2887 1300 2944 intercesserant,
1308 2884 1377 2937 sieut

302 2976 337 3029 pe
352 2958 387 3012 ad
399 2961 564 3031 Antiphilam
575 2961 764 3020 arcessendam.
772 2965 815 3020 Cf.
861 2983 894 3019 ex
907 2982 975 3017 vers.
991 2965 1064 3035 738,
1077 2983 1135 3036 sqq.
1150 2964 1261 3035 intelligi
1275 2963 1376 3035 potuit.

302 3057 400 3110 supra,
414 3059 452 3093 ιι.
470 3058 533 3110 ι9ι.
735 3061 737 3064 ·
860 3044 993 3098 Baclerus.

344 3122 411 3189 819.
427 3119 491 3174 Post
503 3122 576 3176 hunc
591 3141 696 3176 versum
711 3121 822 3178 addidit
903 3127 969 3179 en.
989 3125 1044 3176 Tua
1063 3124 1177 3178 Bacchis.
1198 3123 1277 3178 Cam.
1300 3122 1381 3193 Apud

303 3199 383 3255 Both.
395 3219 427 3253 ex
439 3200 499 3255 Hel.
511 3201 662 3256 cadonum
670 3244 678 3268 ,
691 3224 722 3256 er
737 3208 817 3257 animo
861 3224 912 3257 uos.
928 3203 998 3257 Gov.
1013 3216 1040 3258 et
1049 3203 1122 3258 Mur.
1135 3218 1165 3258 ut
1177 3216 1264 3257 metro
1279 3194 1378 3257 consa·

304 3297 352 3332 uon
373 3281 486 3333 nihilne
503 3285 621 3336 imcier:
642 3296 669 3337 et
684 3282 745 3337 dein
762 3285 816 3338 huc
860 3284 931 3349 lant,
946 3283 1046 3338 tollunt
1064 3295 1115 3337 tua.
1135 3287 1235 3338 Erasm.
1250 3302 1315 3338 vero
1333 3301 1381 3334 re·

305 3359 468 3432 transposuit
488 3379 538 3419 ιιι.
567 3364 640 3428 8ι6,
660 3366 731 3434 817,
749 3363 817 3436 Syro
861 3362 1315 3435 secatrhApudIlludelegantiam‚
1326 3362 1380 3418 hoe

305 3441 433 3495 tribuens.
455 3442 524 3496 Dein
544 3442 641 3510 habet,
660 3445 739 3498 Cm.
760 3443 817 3496 lam
861 3443 1029 3498 Latinitatem
1041 3443 1125 3498 ledit.
1137 3444 1264 3497 Westerli.
1277 3475 1320 3486 -
1331 3442 1380 3496 Br.

305 3537 353 3572 non
367 3539 418 3572 sum
438 3523 523 3576 iram
538 3523 605 3577 Sta.
624 3521 675 3577 Sed
690 3525 761 3589 scin'‚
777 3525 819 3578 ubi
861 3525 929 3596 opud
941 3535 1037 3577 noscet.
1048 3524 1102 3578 Pro
1112 3543 1182 3594 ergo,
1190 3523 1236 3576 alii
1250 3525 1341 3604 igitur.¹

305 3616 368 3651 nunc
386 3604 420 3652 sit
439 3601 496 3666 tibi,
512 3615 561 3656 etc.
580 3635 622 3650 -
641 3605 753 3658 Amicam
773 3605 819 3657 od·
903 3607 958 3658 822
973 3604 1060 3658 .Perii.
1070 3604 1132 3657 Vox
1146 3602 1260 3657 amantis
1274 3599 1380 3673 aliquid

307 3677 395 3743 doct,
415 3700 486 3753 quam
506 3702 555 3736 non
576 3685 681 3738 liceret.
705 3683 772 3737 cOh
788 3682 817 3738 id
862 3685 926 3738 mali
936 3703 1041 3756 semper
1055 3681 1381 3737 reformidantis.-Bono

307 3775 392 3812 unum
413 3759 513 3814 videris
532 3781 591 3817 eam
611 3760 766 3829 adduxisse,
787 3777 819 3818 ut
862 3769 943 3817 animo
959 3785 992 3817 es.
1014 3761 1075 3816 ltid.
1090 3763 1158 3818 elius
1174 3763 1219 3815 illc
1235 3761 1335 3833 Syrus,
1351 3760 1381 3812 in

306 3838 373 3892 mihi
389 3858 443 3892 non
455 3840 533 3895 liceat
546 3861 604 3897 eam
616 3855 753 3915 tangere.»
763 3845 819 3896 ·Ve-
861 3843 977 3916 Adelph.
994 3843 1061 3908 545.
1074 3873 1116 3886 —
1130 3843 1187 3896 lom
1201 3862 1257 3912 arg.
1277 3843 1313 3894 ad
1327 3859 1381 3894 eam

308 3929 393 3972 tuerat
406 3920 478 3973 enim
491 3921 582 3992 Syrus.
593 3922 636 3976 Gi.
651 3943 688 3977 vs.
703 3924 769 3994 378.
862 3923 954 3995 deseres
962 3965 972 3990 ,
987 3941 1084 3995 supra,
1096 3942 1135 3978 vs.
1149 3941 1215 3994 799.

347 4001 414 4053 820.
421 3999 478 4053 Iam
488 4021 536 4054 non
544 4021 595 4056 aum
607 4007 691 4057 iratm.
700 4003 762 4056 Non
771 4023 820 4074 po·
904 4007 970 4060 823.
990 4003 1065 4075 Quod
1077 4007 1101 4056 ei
1115 4023 1141 4056 es
1150 4002 1282 4074 pmliicitus.
1297 4000 1380 4056 Both

306 4087 355 4132 test
368 4077 451 4152 Syrus
464 4100 520 4153 prae
531 4083 611 4140 nimia
621 4084 709 4139 latitia
720 4083 819 4142 diutius
863 4085 942 4156 Valp.
964 4104 1019 4138 non
1041 4084 1166 4138 exhibent
1186 4103 1218 4136 es.
1238 4113 1278 4128 -ι
1298 4081 1377 4138 Unde.
