3052 4864
410 401 652 486 'tunsus
682 367 786 486 scr.
816 420 854 505 1,
882 418 947 488 sc.
975 422 1004 489 1.
1211 451 1252 522 17

191 555 397 644 Cognosces,
415 561 450 616 et
468 547 549 643 quid
567 547 676 619 facere.
693 551 727 618 in
748 550 812 618 huc
831 575 867 619 re
886 565 918 619 tc
934 551 1042 622 velim.
1231 587 1255 626 ⁵0

191 659 279 726 Nam
295 657 321 724 is
339 667 512 750 postquam
527 656 666 724 excessit
678 680 718 725 ex
736 657 893 750 ephebis,
910 658 1024 744 Sosia,

193 762 343 831 Liberius
362 760 494 830 vivendi
508 759 571 829 fuit
591 775 758 857 potestas:
781 786 857 830 narn
879 777 976 832 autea

193 867 261 956 Qul
282 869 365 937 scire
385 891 517 963 posses,
535 881 593 936 aut
607 867 775 963 ingenium
792 892 948 954 noscere,

192 976 283 1043 Dum
302 988 394 1058 aetas,
415 986 539 1059 metus,
558 976 715 1069 magister
729 973 973 1069 prohibebant?
994 977 1071 1047 Sos.
1092 980 1143 1046 lta
1162 995 1219 1050 est.

192 1081 272 1150 Sus.
296 1079 397 1169 Quod
415 1079 564 1175 plerique
583 1105 697 1149 omnes
716 1079 841 1149 faciunt
858 1080 1109 1170 adolescentuli,
1231 1121 1257 1160 ⁵3

192 1187 241 1255 Ut
254 1187 401 1256 animum
417 1185 459 1255 nd
476 1183 610 1280 aliquod
627 1185 772 1256 studium
787 1187 987 1282 adjungant,
1001 1204 1060 1258 unt
1075 1214 1177 1285 equos

192 1291 311 1378 Alere,
324 1305 381 1362 aut
403 1315 500 1362 canes
514 1290 557 1360 ad
573 1291 779 1382 venandum,
799 1306 857 1362 aut
874 1292 916 1362 sd
932 1293 1166 1390 philosophos:

235 1535 282 1589 51.
305 1535 390 1597 Naro,
418 1551 469 1587 vox
489 1545 528 1587 est
550 1533 702 1605 incipientis
745 1545 889 1598 —rrretus,
904 1536 1033 1604 magister,
1048 1537 1255 1612 quiaptedngogi

193 1631 316 1679 narrare,
336 1627 362 1666 et
384 1612 532 1685 significat,
558 1614 700 1679 «scillcet,
745 1625 831 1667 metus
848 1613 965 1670 nativum
984 1613 1101 1669 indolem
1122 1637 1176 1671 non
1193 1620 1256 1674 sinit

193 1711 315 1766 nempe·
326 1693 369 1746 Sic
379 1693 454 1763 Virg.
464 1695 524 1746 AEu.
533 1693 569 1758 11,
577 1713 603 1746 r.
612 1696 649 1764 67
661 1711 699 1765 tq.
745 1711 791 1746 sua
815 1705 909 1764 spome
934 1711 989 1746 sese
1003 1694 1153 1765 producere
1165 1731 1205 1740 -
1219 1705 1254 1752 ita

197 1772 699 1826 ·..etc1tmineabun0niue0mnes.
744 1785 796 1836 est,
817 1771 983 1825 ‹rutdicis·.¹
1314 1819 1321 1832 ,

195 1853 305 1926 Namque
315 1865 344 1906 ut
356 1865 498 1924 conspectu
511 1853 539 1903 in
555 1851 673 1905 medio...
685 1877 697 1898 ι
781 1850 962 1920 §scopus
964 1853 1071 1924 plerique
1078 1874 1155 1907 omues
1156 1859 1255 1923 ficetum

195 1937 269 1997 —r's,
279 1945 456 2004 ·gnstus·.-
462 1931 592 2004 Postquam
603 1935 702 1983 excessit
745 1931 917 1982 adolescentuli
924 1943 973 1983 etc.
985 1931 1106 2003 Intellige
1114 1971 1122 1999 ,
1131 1937 1204 2005 quasi
1219 1939 1255 1990 ita

195 2013 331 2082 eceplebr's.
344 2009 419 2064 ldem
427 2010 702 2074 estGraecornm‚lEst·
745 2020 961 2062 construeretur:
971 2009 1015 2062 ille
1024 2011 1144 2066 studebat
1152 2017 1256 2086 egregie

194 2085 240 2142 tris
254 2091 279 2154 lt
289 2089 393 2161 tutem.
408 2087 558 2142 Secundum
571 2089 702 2141 Ruhnke-
745 2101 843 2159 prseter-
861 2098 954 2140 caetera
973 2089 1041 2140 nihil
1062 2090 1178 2156 borum,
1194 2095 1212 2147 i.
1231 2113 1254 2147 e.

86 2222 90 2228 ,
195 2169 291 2221 nium:
313 2181 452 2239 postquam
476 2168 582 2220 excessit
602 2183 702 2220 aunum
747 2167 1147 2241 equos,cenes,philosophot;
1160 2173 1255 2226 ueoad

195 2247 368 2309 vicesimum
384 2272 395 2294 ι
408 2244 481 2317 quod
491 2245 703 2316 intelligendum,
747 2245 804 2298 linc
817 2246 935 2298 animum
946 2245 1118 2318 adjungebat,
1132 2251 1205 2321 quod
1216 2254 1255 2306 sa·

195 2325 232 2380 eit
243 2327 303 2391 ille,
314 2347 345 2378 ex
359 2324 478 2377 moribus
492 2324 704 2392 Atheniensinmq
745 2326 822 2396 ¹ciunt
830 2324 952 2398 plerique
961 2345 1052 2379 omnes
1059 2327 1255 2396 adolescentuli,

195 2405 267 2477 apud
280 2425 347 2477 qnos
360 2405 457 2478 ephebi
468 2417 542 2457 erant
554 2403 703 2458 adolescen·
747 2405 793 2476 qui
810 2404 910 2458 scilicet
927 2402 1073 2476 adjungunt
1088 2408 1206 2462 animum
1221 2409 1255 2464 ad
1311 2465 1314 2472 ,

196 2497 234 2538 tes
246 2483 394 2538 octodecim
412 2501 559 2548 antrorum,
574 2483 620 2555 qni
636 2485 703 2537 rele-
747 2481 855 2555 aliquod
868 2483 999 2549 studium,
1017 2503 1061 2537 seu
1073 2485 1161 2538 alendi
1174 2507 1256 2560 equos

194 2565 321 2618 rebantur
333 2565 402 2617 inter
417 2562 585 2628 circuitores,
602 2564 642 2615 rel
658 2582 702 2617 eos
747 2576 880 2616 autumes
892 2563 1038 2629 venaticos,
1051 2583 1096 2617 seu
1108 2563 1256 2639 adjungunt

194 2644 240 2715 qni
253 2645 386 2715 regionem
397 2643 502 2696 atticam
514 2642 702 2711 circumirent3
746 2643 865 2695 animum
884 2641 917 2693 nd
933 2641 1113 2714 philosophos.
1131 2677 1163 2688 -·
1181 2649 1257 2716 Quod

195 2723 241 2776 nbi
253 2723 391 2776 biennium
407 2723 475 2776 inter
485 2721 638 2775 circuitores
646 2741 703 2775 ven
746 2739 796 2775 nec
814 2721 840 2773 in
855 2741 908 2794 quoe
922 2720 1077 2776 vertendum
1098 2737 1155 2788 est,
1175 2741 1204 2780 ut
1222 2731 1255 2782 sit

195 2802 242 2856 esti
256 2802 377 2868 luissent,
390 2801 533 2854 excedebant
544 2822 574 2852 ec
588 2801 700 2872 ephebis,
747 2821 800 2872 quoe
808 2801 928 2871 plerique,
946 2819 1024 2851 omues
1030 2821 1041 2863 ,·
1052 2820 1101 2855 nec
1113 2803 1146 2856 ed
1157 2809 1255 2877 singule

196 2895 222 2935 et
241 2895 312 2935 extra
327 2883 440 2935 Atticam
459 2880 614 2934 militabant.
627 2907 638 2928 .
662 2911 703 2922 -
746 2899 826 2931 eorum
836 2879 917 2931 studia
929 2879 1097 2933 referendum
1108 2896 1156 2937 est.
1173 2885 1256 2941 Perti·

196 2961 282 3025 Suu,
302 2962 383 3014 amics
402 2961 439 3014 ibi
459 2961 626 3032 compellatio
644 2960 702 3014 heri
741 2971 791 3012 net
804 2971 891 3011 antem
903 2958 937 3011 nd
951 2960 1109 3030 precipuum
1123 2967 1257 3020 sententies

196 3039 229 3092 ad
241 3039 373 3093 libertum.
746 3049 848 3109 partem
861 3037 887 3090 id
899 3040 1048 3100 est-bonon
1058 3041 1098 3092 ille
1106 3043 1175 3105 silit,
1185 3057 1255 3100 etc...

238 3119 284 3174 52.
299 3119 405 3171 Liberius
420 3120 516 3170 vivendi
524 3121 577 3185 suit
588 3131 702 3186 potestur.
746 3117 1191 3191 studebat.·-Pleriqucornues‚lere
1199 3144 1256 3180 om.

197 3199 327 3262 «Liberius,
335 3217 414 3271 quarn
420 3215 502 3269 quum
512 3198 580 3252 inter
590 3199 706 3269 ephebos
747 3215 801 3249 nes.
816 3227 852 3241 -·
868 3196 957 3261 Alere,
972 3217 1022 3268 pro
1034 3200 1124 3266 abradi,
1135 3201 1255 3260 studium

197 3291 359 3342 versaretur,
376 3291 407 3330 ut
427 3275 538 3348 explicat
557 3278 611 3348 ipse
630 3277 704 3330 Simo
747 3275 835 3328 alendi
854 3295 947 3346 equos,
962 3289 1008 3330 aut
1023 3291 1062 3332 est
1076 3281 1149 3350 quusi
1166 3299 1253 3338 accus.

197 3357 353 3411 intumum
367 3367 527 3409 anteacto·
748 3373 839 3419 casus,
860 3357 960 3429 aliquod
976 3359 1096 3422 studium,
1121 3360 1253 3416 scilicet
1290 3351 1298 3372 '

240 3436 285 3491 53.
298 3438 367 3508 Qur',
384 3433 551 3507 ecquomodo·
562 3453 703 3504 -posses,
748 3435 821 3486 alere.
835 3464 876 3476 —
893 3435 971 3488 Canes
986 3437 1022 3488 cd
1033 3439 1168 3490 verendam
1179 3481 1186 3502 ‚
1198 3443 1215 3493 i.
1232 3461 1258 3498 e.

197 3535 247 3588 pro
260 3517 405 3588 potuisses;
419 3528 444 3568 et
457 3527 582 3584 preterea
597 3531 705 3584 genera·
748 3531 824 3567 canes
832 3515 972 3568 venaticos.
983 3549 1024 3559 -
1035 3517 1082 3568 Ad
1087 3519 1253 3590 philosophus,

197 3596 257 3648 liter
266 3593 475 3666 dictum‚qunei:
487 3592 637 3664 quomodo
648 3593 706 3664 quis
750 3593 864 3664 intellige
880 3592 1042 3658 audiendos,
1060 3607 1086 3648 et
1100 3597 1152 3648 buc
1167 3601 1255 3664 refer,

197 3673 431 3746 possets-Scire,
446 3693 547 3726 noscere.
557 3671 709 3744 Simplicius
749 3673 852 3724 studium
863 3673 1005 3743 eaquuqrmt.
1022 3705 1062 3715 —-
1074 3675 1124 3728 Hic
1135 3677 1256 3734 Litterati

198 3767 238 3806 est
253 3759 312 3806 ser're
326 3766 404 3824 quum
422 3773 523 3805 noscere.
544 3751 627 3816 Scire,
650 3768 705 3804 rent
750 3769 816 3822 quos
829 3743 928 3823 jem(r.
943 3742 1154 3818 ddlcitarimus:
1170 3785 1181 3806 ι
1192 3761 1257 3814 ceci

198 3833 354 3903 simpliciter
386 3833 468 3899 scire;
501 3851 612 3894 meere,
642 3831 708 3884 scire
751 3845 790 3884 est
804 3849 841 3884 nn
861 3831 924 3884 truie
937 3832 1189 3907 epigrammrtique,
1209 3839 1258 3910 qui

199 3913 326 3983 qualisea
338 3913 379 3965 sit.
751 3908 1258 3989 denotel’origincgrecquedelapieoe.

242 3991 287 4056 54.
296 3993 389 4054 silias,
401 3991 499 4045 scilicet
511 3991 633 4064 pueritie,
646 4009 708 4061 pro·
753 3991 901 4055 Simon,en
915 3990 1020 4061 perlant
1031 3989 1077 4044 des
1090 3994 1166 4064 gobts
1175 3998 1259 4051 varies

201 4083 260 4143 pter
275 4071 413 4124 mutabiles
434 4071 461 4123 in
484 4089 568 4141 puero
588 4070 708 4123 attentus.
753 4066 820 4121 dela
829 4072 956 4138 immerso,
966 4069 1017 4124 cite
1028 4071 1074 4124 tle
1084 4073 1134 4126 fois
1140 4073 1261 4131 lesclr'eus

255 4183 283 4248 Ι.
1085 4207 1105 4251 n
