3014 4872
443 426 696 498 AUCTORE
723 427 954 498 Donato.
1129 451 1218 498 urrr

204 561 282 628 ttae
295 559 472 628 Suetonius
484 558 706 654 Tranquillus.
721 561 810 632 Nam
826 559 910 631 duos
920 563 1092 632 Terentius
1105 575 1222 657 poetas

149 665 251 734 fuisse
267 664 381 734 smibit
394 666 537 754 Metius,
557 691 701 762 quorum
719 665 803 738 alter
817 665 1027 764 Fregellanus
1045 669 1145 740 lirerit
1155 672 1217 738 Te·

148 773 274 842 rentius
301 771 408 860 Libo,
434 770 517 842 alter
541 771 714 844 libertinus
729 775 904 845 Terentius
925 774 1006 845 Afer
1028 777 1156 870 patria,
1177 775 1222 844 de

147 903 215 971 quo
232 903 325 950 nuuc
334 876 510 972 loquimur.
523 881 688 976 Scipionis
704 879 846 951 Fabulae
857 881 999 952 edidisse
1011 883 1220 965 Terentium,

149 982 287 1079 Valgius
300 985 336 1052 in
349 985 507 1058 Actaeone
524 988 570 1056 ait
586 1013 595 1056 :

227 1157 280 1215 Har
292 1175 358 1235 quae
369 1170 512 1216 vocantur
524 1157 657 1232 Fabula,
673 1161 745 1238 cujae
757 1163 874 1218 sunt¹²i

225 1259 292 1314 Non
303 1255 374 1329 has,
387 1255 442 1334 qui
450 1256 518 1344 jura
534 1257 668 1337 populis,
681 1257 748 1318 end’
761 1255 829 1318 ibus
839 1257 927 1318 dabat
935 1271 959 1298 ²¹
969 1257 982 1284 *

226 1355 347 1412 Honore
360 1371 473 1413 surnmo
487 1351 608 1414 affectus
622 1353 691 1415 iecit
701 1355 835 1416 Fabulae.

200 1540 287 1611 Duae
307 1541 351 1610 ab
373 1540 579 1639 Apollodoro
598 1546 765 1615 translatae
790 1567 861 1614 esse
886 1543 1043 1620 dicuntur
1069 1545 1221 1628 cornico,

147 1641 306 1717 Phormio
329 1662 364 1718 et
385 1651 544 1744 Hecyra:
565 1665 710 1746 quatuor
731 1648 868 1746 reliquas
893 1675 914 1720 n
941 1648 1154 1720 Menandro:
1182 1674 1222 1718 ex

146 1753 266 1847 quibus
284 1779 407 1849 magno
427 1777 582 1828 successu
596 1772 631 1827 et
650 1759 758 1854 pretio
772 1759 862 1828 stetit
882 1757 1066 1828 Eunuchus
1085 1755 1197 1826 fabula
1212 1781 1220 1824 r

148 1863 296 1955 Hecyra,
312 1885 399 1958 saepe
416 1862 564 1954 exclusa,
579 1866 636 1960 rix
654 1879 729 1935 acta
746 1877 806 1934 est.
862 1873 866 1884 '
957 1914 961 1920 -

372 2101 499 2202 run.
524 2109 811 2202 Tnnnnrn
824 2109 992 2222 vrri,

259 2346 365 2406 Quart
392 2349 413 2392 tt
440 2346 572 2396 GODICE
599 2346 655 2394 tts
684 2345 876 2394 oxontnttst
905 2343 1108 2393 nuscntt’str

481 2527 579 2598 ABR.
607 2527 894 2600 GRONOVIUS.

150 2741 353 2810 Conmus
370 2761 493 2834 genere
514 2737 649 2833 quidem
668 2737 776 2808 extitit
793 2737 885 2826 Afer,
898 2737 979 2807 civis
990 2761 1071 2806 vero
1084 2737 1222 2808 Cartha-

149 2846 326 2940 giniensis:
346 2845 503 2940 Scipione
523 2864 635 2914 autem
651 2857 820 2934 remeante
842 2841 991 2912 victore¹
1015 2843 1220 2940 Carthagine
1244 2935 1247 2944 1

149 2951 190 3020 ad
215 2951 332 3022 urbem
361 2953 503 3020 Romam
521 2965 600 3046 post
621 2951 883 3021 interfectionem
906 2949 1119 3038 Hannibalis,
1143 2951 1223 3037 iste,

147 3061 204 3154 qui
240 3083 318 3129 curn
347 3056 418 3128 aliis
451 3056 562 3128 multis
598 3055 927 3152 Carthaginiensibus
960 3057 1221 3151 comprehensus

148 3165 273 3253 isserat,
285 3177 362 3234 ante
376 3188 513 3234 currum
523 3165 685 3260 Scipionis
694 3161 802 3260 ligatis
814 3177 905 3252 retro
912 3161 1066 3232 manibus
1078 3164 1221 3234 minatus

148 3286 216 3354 est,
241 3281 281 3341 ut
305 3273 480 3367 captivus,
502 3269 560 3340 sed
585 3296 721 3341 currum
746 3269 833 3340 illius
858 3267 997 3364 pileatus
1024 3284 1221 3364 prosecutus

148 3392 200 3448 cst
217 3379 253 3446 in
273 3377 413 3466 urbem,
434 3377 526 3473 quod
539 3389 611 3447 erat
626 3374 682 3447 in'
696 3378 824 3471 signum
840 3373 1009 3446 libertatis.
1027 3376 1133 3462 Ναηι,
1146 3375 1219 3470 qui·

190 3623 236 3659 ar.
249 3604 320 3676 Cujoe
330 3615 397 3658 sant.
410 3602 454 3657 Sic
467 3602 529 3658 libr.
540 3605 608 3658 Dan.
620 3603 664 3658 ΔΙ.
752 3623 797 3659 aa.
810 3602 929 3673 Populir,
945 3600 1003 3653 end'
1017 3599 1070 3656 ibus
1084 3599 1171 3656 datar
1184 3603 1225 3656 lta

147 3687 215 3756 cujus
228 3679 666 3754 sums’tdemndhualegebnm
709 3682 771 3736 Mas.
786 3682 911 3736 Danielis
927 3681 1009 3752 Vulg.
1022 3682 1157 3752 palearibus
1178 3681 1224 3734 da·

147 3768 214 3835 enjus
225 3764 269 3818 vel
280 3766 342 3834 cuja
354 3775 427 3828 suar,
440 3765 568 3818 sententio
581 3763 664 3816 reira—
709 3762 760 3813 bat.
776 3757 832 3815 Atti
846 3773 935 3814 autern
949 3759 1067 3834 editores
1079 3763 1225 3834 proferunt

147 3841 661 3917 gautc.0baolctumilludnepro·non‚·
709 3843 888 3894 recensentibus.
905 3840 986 3896 Lind.

148 3943 232 3996 Qum
247 3923 401 3997 displiceret
410 3922 538 3992 librariis,
555 3923 608 3976 cito
619 3941 666 3976 ex·
753 3944 776 3975 1.
788 3921 815 3974 A
828 3919 916 3974 Carth.
928 3921 974 3974 Rr.

148 4016 281 4076 punctum
297 4016 346 4058 ert.
359 4004 433 4058 Both.
449 4001 505 4069 Qui
518 4001 594 4063 dedit
604 4004 666 4074 erga
752 4020 778 4054 a.
796 3997 930 4054 Additum
943 4002 984 4065 in,
999 3997 1075 4072 quod
1087 3999 1116 4054 in
1132 3995 1226 4054 nodioe

150 4103 179 4137 m
188 4097 254 4138 stunt.
709 4079 829 4135 deletum
840 4093 889 4136 eat.
899 4081 989 4134 Brutis.

996 4175 1041 4256 bi
