2926 4858
343 417 408 485 ns
436 413 606 484 neruis
632 409 948 480 rnnsnrmms.
976 389 979 396 ’
1072 432 1179 480 exn„

112 573 166 644 qno
188 547 321 619 facilius
344 563 521 633 teneatur,
544 545 731 616 illustrare:
750 545 816 614 hoc
837 539 939 612 modo
966 543 1075 612 Graeci
1096 542 1180 650 scili·

111 672 153 726 cet
172 655 217 725 ad
236 657 327 726 banc
350 655 493 725 formam
515 657 549 724 in
577 653 746 738 iambicis,

219 857 258 916 vi
274 856 463 916 commodavi
479 855 485 934 Ι
503 855 685 916 commbdivi
694 901 703 930 ,
717 857 882 926 commddi,

111 1057 211 1126 Latini
225 1053 270 1123 ad
285 1056 404 1142 istam,
423 1079 492 1123 non
510 1079 660 1150 semper,
678 1053 736 1124 sed
753 1055 1027 1150 quotiescumque
1044 1053 1178 1140 vellent,

198 1253 236 1314 Vi
250 1253 455 1313 commendivi
479 1251 485 1333 Ι
510 1252 710 1312 commendaui
734 1253 739 1334 Ι
763 1253 924 1314 commoda.

151 1435 177 1526 S
204 1436 262 1509 13.
280 1439 351 1508 Ubi
368 1463 490 1534 nempe
502 1436 575 1508 illos
592 1435 719 1507 videbis
734 1439 827 1533 puris
838 1437 908 1508 fere
920 1439 1068 1511 iambicis
1084 1467 1177 1512 com·

109 1545 197 1616 node
219 1546 399 1641 progredi,
416 1545 480 1616 hos
495 1569 595 1632 vero,
613 1543 794 1639 spondaico
810 1545 896 1640 pede
910 1547 1052 1636 inserto,
1067 1550 1176 1645 impc-

109 1651 210 1723 ditius.
218 1655 292 1724 Etsi
312 1678 380 1724 non
398 1653 520 1722 desunt
538 1650 665 1750 multe,
681 1651 802 1746 quibus
816 1655 978 1740 maxime,
996 1656 1023 1723 si
1044 1659 1117 1750 quis
1134 1661 1176 1727 sit

109 1759 321 1830 tardiusculus
347 1758 469 1855 gradm
496 1761 718 1846 Latinorum,
741 1774 927 1829 excusetur.
953 1763 1042 1832 Nam
1073 1767 1176 1833 Bent-

110 1861 200 1933 lcinm
217 1867 412 1950 audiamus,
434 1869 492 1962 qui
513 1865 615 1936 dicit:
636 1865 823 1936 «Profecto
846 1869 1022 1936 Terentius
1043 1885 1175 1954 noster,

111 1971 132 2037 si
147 1973 323 2072 quisquam
349 1973 455 2061 alius,
473 1975 508 2042 in
532 1974 612 2043 artis
633 1970 723 2066 leges
750 1985 821 2041 erte
851 1975 1021 2067 peccavit3
1044 1975 1174 2064 studio,

111 2101 168 2146 non
187 2081 397 2173 ignorantia,
423 2081 618 2150 necessitate
644 2077 697 2147 vel
720 2077 835 2147 saltem
860 2079 1095 2150 commoditate
1118 2084 1172 2150 in-

112 2181 235 2274 ductus,
249 2201 304 2274 et,
322 2185 564 2281 qualecumque
581 2184 663 2255 illud
682 2183 795 2254 delicti
814 2199 882 2272 est,
896 2187 1024 2280 mugnis
1041 2189 1173 2258 virtuti·

113 2287 165 2361 bns
184 2292 429 2388 redempturus,
445 2321 463 2358 u
1191 2281 1194 2290 ¹

157 2437 190 2529 S.
210 2448 267 2532 14.
284 2447 403 2515 Sermo
418 2449 506 2515 enim
516 2469 559 2517 ,ee
574 2444 616 2514 de
630 2468 731 2514 cause
745 2445 884 2538 propius
901 2443 991 2540 apud
1008 2445 1169 2520 Nostrum

114 2547 149 2616 ed
164 2551 433 2621 consuetudinem
455 2550 599 2639 accedit,
613 2575 713 2646 quam
732 2551 823 2646 apud
838 2551 1072 2622 Menandrum.
1089 2556 1172 2624 Ora-

115 2655 154 2723 tio
168 2657 253 2752 apud
271 2683 375 2728 unum
393 2658 435 2728 de
454 2659 565 2728 medio
579 2673 711 2753 sumptu
730 2657 838 2752 deque
857 2660 926 2727 vita
940 2660 1169 2732 honestiorum

115 2761 240 2852 civium3
253 2790 370 2836 versus
385 2768 520 2835 minime
532 2766 621 2850 cavi,
635 2765 693 2833 sed
706 2765 815 2834 verbis
829 2765 1044 2860 sensibusque
1060 2771 1168 2863 spissi:

115 2869 191 2959 apud
200 2871 359 2959 alterum,
372 2871 452 2941 dum
471 2885 579 2942 metro
593 2873 717 2941 servire
730 2885 867 2940 coactus
880 2887 947 2959 est,
963 2872 1058 2942 stilus
1069 2875 1170 2968 paulo

116 2971 231 3066 elatior,
248 2994 282 3048 et
300 2981 471 3049 sentcntiae
484 2979 661 3048 dilatiores.
681 2977 775 3046 Adde
793 2978 881 3064 huc,
898 2996 1119 3051 consonantes
1135 2985 1169 3051 in

118 3073 213 3173 lingna
235 3086 352 3154 latina
378 3109 440 3182 pro
465 3085 632 3155 vocalium
654 3109 795 3153 numero
820 3083 1059 3179 frequentiores
1079 3111 1170 3175 csse,

118 3207 201 3276 quarn
220 3191 253 3258 in
268 3193 376 3261 Attica
390 3219 397 3260 :
410 3190 496 3261 adde
516 3195 627 3261 omnia
646 3190 736 3286 apud
752 3193 891 3260 Latinos
904 3191 1082 3277 vocabule,
1098 3221 1169 3264 mo·

118 3293 276 3388 nosyllabis
298 3297 460 3366 duntaxat
485 3299 647 3393 exceptis,
675 3321 745 3367 esse
771 3298 952 3391 barytona3
972 3300 1017 3365 ita
1039 3314 1076 3367 ut
1101 3300 1170 3371 nul-

119 3393 173 3468 lum
189 3402 388 3474 vocabulum
410 3404 564 3488 latinum,
586 3417 707 3499 prester
729 3401 975 3498 monosyllaba,
995 3403 1117 3474 habeat
1135 3409 1168 3476 in

118 3502 215 3576 ultima
233 3509 357 3604 syllaba
377 3527 563 3582 accentum.
585 3510 669 3580 Inde
691 3511 827 3580 minoris
844 3535 915 3582 esse
932 3507 1028 3578 facile
1041 3511 1169 3605 judices

117 3633 210 3704 opere
225 3631 325 3712 etque
341 3620 438 3703 artis,
455 3617 498 3688 ad
517 3616 695 3688 Menandri
709 3641 862 3686 normam
882 3639 989 3710 graece
1007 3618 1168 3706 scribere,

116 3739 200 3808 mern
220 3721 320 3794 latine
342 3724 385 3794 ad
403 3707 560 3794 Terentii.
585 3727 665 3794 Haeo
687 3738 800 3792 autem
826 3722 1000 3792 disserenti
1025 3725 1170 3796 Rentleio

117 3821 258 3900 Rufinum
276 3829 500 3924 adjunxerim,
513 3833 568 3926 qui
587 3830 704 3900 eadem
721 3830 763 3898 de
782 3853 818 3898 re
837 3828 936 3898 dicit:
948 3832 1104 3919 Veteres,
1121 3836 1171 3904 usi

116 3927 167 4021 ipti
175 3959 302 4032 quoque
314 3939 431 4008 metris
445 3937 665 4033 negligentius
681 3937 813 4006 iambici
831 3959 947 4005 versus
962 3935 1124 4012 duntaxat
1136 3943 1170 4010 in

117 4041 243 4111 seeundo
257 4058 291 4113 et
306 4058 428 4138 quarto
444 4042 538 4128 loco;
556 4059 667 4113 tamen
682 4068 702 4112 a
715 4044 871 4112 Terentio
885 4045 1067 4115 vincuntur
1081 4071 1169 4118 reso·
