3000 4866
236 430 274 478 tv
415 404 676 474 PRAEFATIO
703 402 837 473 Novi
864 402 1124 472 EDITORIS

238 609 339 698 simi
355 606 441 693 viri
462 635 573 726 pace
591 599 806 716 dixerim,
824 599 1079 691 desiderare
1096 600 1229 693 nobis
1242 604 1305 691 vi'-

238 765 471 877 deremur‚
499 757 632 851 nobis
665 792 762 851 non
790 760 918 850 licuit
950 780 1156 852 nostram
1185 760 1305 850 hanc

237 923 484 1016 editionem
504 920 695 1010 omnino
719 920 1021 1010 Perletianam
1035 916 1303 1009 inscribere:

237 1076 363 1208 quod
387 1080 462 1170 alii
489 1076 644 1167 forsan
669 1077 937 1167 inconsultae
961 1074 1205 1200 superbiae3
1228 1076 1304 1166 alii

237 1241 391 1360 (Deus
423 1234 558 1356 faxit)
589 1232 827 1356 cupiditati
864 1267 959 1338 non
996 1234 1304 1359 vituperandae

237 1396 430 1488 meliora
457 1388 719 1516 proferendi
739 1390 967 1508 tribuent,
983 1413 1037 1483 ut
1058 1424 1143 1483 nos
1167 1395 1306 1484 etiam

239 1554 295 1644 de
322 1553 485 1642 litteris
511 1550 664 1640 latinis
691 1549 864 1678 aliquid
888 1548 1004 1642 bene
1034 1555 1200 1644 mereri
1226 1584 1306 1675 po-

244 1715 381 1805 tuisse
391 1709 664 1833 judicemur,

302 1873 419 1980 Utut
458 1869 565 1982 erit,
612 1869 648 1956 si
687 1866 799 1996 quid
838 1868 1145 1959 omittendum
1183 1867 1312 1958 duxi-

242 2061 345 2120 mus
363 2028 483 2116 inter
501 2059 555 2117 ea
574 2058 674 2151 quae
693 2025 896 2116 Perletus
910 2024 1154 2142 offerebat,
1167 2027 1313 2118 nostri

242 2189 409 2280 saltem¹
416 2186 533 2308 juris
548 2177 695 2273 facere
717 2187 1063 2309 properavimus
1087 2183 1310 2312 quidquid
1371 2213 1379 2224 ’

244 2343 413 2456 lucide,
438 2338 663 2466 quidquid
688 2342 946 2467 ingeniose,
975 2345 1201 2471 quidquid
1231 2344 1316 2433 ele·

246 2520 408 2629 gauter
418 2497 753 2588 adnotaverunt
772 2499 1080 2620 probatissimi
1092 2502 1316 2590 Terentia·

247 2689 415 2748 narum
440 2651 702 2744 fabularum
723 2656 1016 2779 interpretes;
1037 2656 1204 2782 quibus
1223 2691 1318 2748 me·

248 2818 359 2906 ritas
377 2811 579 2903 Perletus
597 2811 692 2933 ipse
713 2812 870 2902 retulit
888 2816 937 2903 in
954 2813 1219 2937 praefatione
1237 2850 1318 2906 sua

251 2995 402 3102 grates
413 3042 425 3087 ‚
438 2971 551 3061 dum
562 3003 645 3060 sua
661 2972 926 3089 exsolveret,
942 2979 1185 3067 nostrimet
1202 2980 1320 3102 ipso-

251 3166 357 3224 rum
380 3129 534 3221 debita
550 3159 735 3256 quoquc
751 3135 922 3255 partim
941 3137 1186 3227 exsolvens.

315 3291 723 3384 verumenimvero
769 3291 845 3381 alii
887 3313 1068 3385 exstant
1112 3315 1320 3386 auctores

254 3481 370 3575 quos
393 3481 489 3540 non
512 3451 768 3539 nominavit
778 3497 796 3580 7-
810 3471 891 3541 aut
916 3485 1032 3577 quos
1054 3486 1150 3544 non
1169 3455 1321 3576 potuit

255 3638 529 3733 cognoscere
561 3605 781 3721 Perletus,
816 3606 982 3732 quibus
1010 3643 1094 3701 nos
1121 3611 1321 3700 multum

254 3762 420 3854 debere
438 3763 724 3886 profitemur.

315 3925 445 4014 Unus
464 3941 542 4014 est
553 3921 723 4016 scilicet
742 3926 946 4016 Terentii
970 3945 1319 4041 commentator,
