3014 4860
249 285 327 370 Διίι
470 283 655 352 PUBLII
682 283 946 353 TERENTII
972 283 1096 351 AFRI

245 418 325 486 Sra.
344 414 539 485 Credebam.
554 417 644 486 Cim.
660 417 808 487 Minime.
825 418 906 486 Sua.
923 417 1011 485 Scite
1027 429 1159 510 poterat
1175 415 1261 486 fieri:
1276 442 1312 494 m

176 515 179 522 ’
246 523 291 592 Et
309 547 371 618 ego
389 523 473 608 hoc,
491 524 568 617 quia
583 522 711 592 dudum
729 538 766 593 tu
784 537 957 618 tantopere
971 523 1131 616 jusseras,

245 629 295 699 Eo
321 631 419 724 coepi.
448 631 537 699 Cau.
566 630 687 701 Credo.
715 632 799 700 Sru.
828 633 994 701 Ceterum
1027 629 1181 726 equidem
1213 631 1312 714 istuc,

407 736 569 823 Chreme,

247 844 345 935 AEqui
367 842 512 937 bonique
533 842 631 914 facio.
648 845 738 912 Cau.
765 844 865 939 Atqui
886 868 991 938 quum
1012 867 1170 914 maxume

247 948 337 1018 Volo
355 963 389 1018 te
406 950 486 1020 dare
504 975 659 1044 operam,
679 964 717 1019 ut
737 951 814 1039 frat,
831 975 949 1021 verum
968 950 1032 1019 alia
1051 951 1115 1019 via.
1209 989 1211 994 .

247 1057 329 1125 Sru.
349 1057 429 1125 Fiat.
453 1057 632 1146 Quaeratur
649 1055 746 1126 aliud.
765 1057 830 1128 Sed
847 1057 947 1145 illud,
965 1057 1055 1153 quod
1073 1058 1133 1126 tibi
1280 1099 1316 1142 ,φ

247 1163 326 1262 Diri
342 1153 384 1231 de
401 1177 555 1259 argento,
574 1164 664 1258 quod
682 1165 743 1233 ista
763 1165 863 1235 debet
881 1163 1053 1251 Bacchidi,

247 1269 289 1337 Id
307 1295 397 1340 nunc
416 1269 622 1340 reddendum
644 1269 684 1340 ’st
701 1269 765 1358 illi,
782 1297 889 1367 neque
910 1285 947 1341 tu
967 1269 1092 1341 scilieet

246 1378 299 1445 Eo
318 1400 409 1446 nuno
427 1376 626 1472 confugies:
650 1378 768 1468 «Quid
786 1377 881 1450 mea?
899 1379 991 1450 Num
1011 1378 1094 1447 mihi
1114 1376 1231 1447 datum
1250 1377 1318 1448 est?

248 1559 294 1612 Br.
306 1559 365 1630 Bip.
379 1559 459 1612 Both.
472 1559 570 1630 Deiph.
585 1557 643 1613 Noa
654 1563 708 1612 sr’m.
721 1591 762 1601 —
804 1559 862 1612 toti.
878 1555 998 1613 Callidus
1008 1575 1099 1611 servus
1111 1571 1226 1612 conatur
1237 1559 1320 1632 euspi-

248 1640 323 1708 Ego‚
338 1641 378 1690 oui
390 1639 491 1692 daturus
506 1658 555 1692 nort
568 1657 637 1701 sum,
651 1650 678 1690 ut
686 1677 694 1702 ,
710 1650 761 1691 etc.
805 1639 910 1692 cionem
924 1637 982 1692 heri
995 1637 1070 1690 omui
1083 1635 1138 1690 fide
1150 1638 1272 1692 simulata
1280 1658 1322 1693 re·

248 1720 313 1772 Sub.
334 1723 374 1772 vir
397 1739 426 1770 m
454 1733 485 1773 ut
509 1737 557 1790 ego
581 1717 762 1790 despondeam
805 1737 923 1772 morere.
949 1718 1016 1771 Perl.
1038 1746 1078 1759 --
1099 1718 1182 1786 Quum
1201 1723 1316 1783 metm,

247 1799 332 1852 filiam
347 1818 431 1853 meam
449 1801 473 1853 ei
489 1799 548 1869 eui,
562 1813 613 1854 etc.
806 1816 1047 1870 cummopere,nou
1053 1798 1229 1870 miuueqtmm
1235 1812 1318 1853 antee.

291 1880 359 1950 785.
386 1880 542 1943 Credebam,
569 1879 689 1944 seilicet,
713 1878 764 1932 tibi
807 1877 914 1942 Graece,
927 1880 964 1932 dm
976 1878 1096 1950 μάλιστα.

247 1959 405 2032 persuaderi
414 1962 466 2015 hoo
476 1979 566 2032 posse,
580 1973 610 2013 ut
620 1957 764 2013 adsimules
849 1961 916 2029 789.
934 1959 969 2012 Ut
978 1957 1039 2030 stat.
1058 1959 1097 2011 Ut
1111 1957 1218 2013 fallacia
1230 1960 1320 2013 inteu-

250 2039 367 2094 interim.
382 2073 422 2084 —
438 2041 521 2104 Nota,
534 2040 591 2092 hero
605 2036 638 2093 ad
653 2039 764 2110 epitasin
806 2035 925 2092 daturin
937 2037 1136 2093 Menedemum.

250 2121 431 2175 machinatum
454 2120 636 2174 eseePoetam
656 2131 709 2172 :et
730 2117 764 2172 ad
848 2137 916 2191 790·
933 2120 1008 2183 Fiat,
1026 2119 1061 2172 eit
1082 2119 1120 2173 ita
1138 2131 1169 2171 ut
1182 2118 1267 2190 cupio.
1280 2150 1321 2162 -

249 2198 426 2254 differendam
444 2198 764 2271 catastropbeu.Quaudo
809 2198 943 2268 Quoemtur
958 2199 1042 2264 aliud,
1058 2200 1116 2252 sub.
1133 2199 1264 2252 consiliunt.
1280 2231 1321 2242 —

251 2281 322 2333 enim
335 2293 397 2334 ante
411 2279 514 2334 dixerat
525 2281 625 2344 Clinia,
636 2299 674 2332 vs.
690 2283 742 2348 691
756 2298 764 2333 :
807 2278 859 2331 Sed
868 2279 944 2344 illud,
959 2279 1039 2353 quod,
1052 2292 1104 2333 etc.
1120 2275 1190 2330 «sed
1202 2291 1231 2331 ut
1241 2297 1322 2332 revo-

254 2361 410 2432 «Antiphila
422 2379 480 2414 mea
490 2361 574 2414 nubet
585 2361 670 2423 mibi,
681 2385 692 2406 ι
706 2378 765 2430 sper
807 2378 865 2413 cem
880 2359 931 2412 tibi
947 2358 1022 2432 quod
1039 2361 1095 2431 jem
1112 2357 1186 2424 dixi,
1201 2371 1272 2413 etc.-
1288 2359 1322 2413 Et

251 2453 309 2492 erat
326 2441 399 2506 eola;
412 2459 454 2494 res
474 2439 564 2494 adhue
581 2439 764 2495 differebatur.
808 2451 870 2493 ente
880 2437 1102 2505 illud‚oubaudi,
1112 2439 1322 2512 quodmtiuetud.

250 2518 381 2574 Nondum
415 2520 487 2574 euim
517 2520 663 2593 Antiphila
691 2534 766 2592 pater
850 2518 1323 2590 791.Dirideargerrto.Vulg.bano

250 2597 377 2653 Chremes
400 2614 494 2654 auctor
512 2599 555 2652 hie
578 2602 657 2654 rebus
683 2599 766 2654 tuctus
807 2600 949 2653 lectionem
962 2599 1041 2654 Both.
1057 2599 1093 2654 eit
1106 2598 1324 2664 balbutire3eta

251 2692 315 2732 eret.
336 2679 419 2746 Quod
440 2679 501 2735 ideo
526 2679 691 2736 monendum
712 2692 765 2745 est,
808 2681 936 2752 scriptore
950 2679 1121 2742 subsederit
1131 2679 1324 2749 argentumle·

250 2757 488 2829 quiaeruditorum
498 2760 600 2830 aliquos
609 2761 636 2814 in
646 2760 766 2814 ouerdott
808 2759 847 2831 git
863 2759 962 2831 igitur,
979 2771 1105 2830 argentum
1122 2760 1184 2812 dtrt.
1202 2787 1244 2798 -
1259 2759 1323 2812 Ista.

248 2845 299 2890 τῶν
326 2839 483 2910 πραγμάτων
510 2839 649 2894 obbaeriooe
675 2839 765 2893 video.
809 2839 1101 2912 Antiphilam-Debet
1114 2837 1240 2892 Bacchidi.
1253 2837 1325 2904 Quia

251 2918 329 2971 Borl.
341 2951 382 2962 -
390 2919 503 2982 Minime,
514 2937 592 2990 supp.
604 2919 726 2974 volebam
737 2917 766 2973 id
808 2938 859 2990 pro
873 2920 988 2991 pecunia
999 2930 1094 2972 mutuo
1106 2918 1247 2973 aPhiltera
1258 2924 1323 2972 Buc-

252 2999 385 3052 aimulare.
808 2998 883 3054 ohidi
899 2998 961 3053 datr
980 2999 1074 3054 relicta
1095 3011 1151 3052 erat
1167 2996 1323 3051 arrhaboni.

293 3081 359 3149 786.
372 3079 453 3132 Abest
462 3092 488 3131 tu
499 3079 589 3133 Guelf.
601 3101 626 3132 a.
638 3111 680 3122 -
690 3078 763 3144 Hoc,
809 3079 881 3133 Vide
890 3098 986 3150 supra,
995 3098 1035 3132 rs.
1050 3083 1102 3133 θοι
1115 3117 1123 3143 ,
1137 3078 1202 3132 603.

251 3158 511 3213 banctechnam.-
521 3160 603 3229 Quia,
609 3161 764 3230 jungecum
850 3179 917 3231 79²·
932 3160 989 3223 lut,
1002 3157 1137 3213 Bacchidi.
1149 3189 1190 3202 -
1199 3157 1285 3230 Neque
1298 3169 1325 3210 tu

251 3239 318 3292 ooin
333 3239 643 3312 ve.oequenti‚eoquia,
656 3250 766 3310 propte·
808 3240 906 3292 scilicet.
931 3239 1058 3293 Occurrit
1078 3251 1211 3292 veterator
1232 3255 1325 3291 cervus

250 3337 296 3372 rea
316 3319 399 3391 quod.
420 3349 460 3360 -
478 3318 588 3372 Dudum.
604 3319 647 3374 cf.
668 3336 764 3390 supra,
808 3319 856 3385 iia,
871 3337 931 3390 qum
945 3331 1051 3390 poterat
1064 3319 1193 3373 Chremes
1207 3318 1325 3389 objicere

252 3397 324 3463 546.
335 3399 587 3473 sqq.--Tarrtopere‚
601 3412 655 3453 tam
667 3397 764 3452 vivide.
808 3412 836 3453 et
848 3397 1018 3470 respondere.
1031 3399 1142 3452 Fomab.

291 3482 358 3549 787.
369 3479 499 3551 Equidem.
511 3479 601 3533 Guelf.
614 3481 648 3545 3,
659 3479 703 3532 att
712 3481 765 3550 qui·
850 3479 918 3548 793.
932 3478 1075 3549 Confirgr'es.
1086 3477 1177 3532 Gueli.
1192 3498 1225 3542 a,
1238 3479 1325 3546 eorsu-

249 3559 310 3610 dem.
333 3592 375 3604 -
400 3559 496 3622 Credo,
517 3573 543 3612 te
564 3559 600 3612 ob
625 3557 655 3612 id
678 3575 764 3614 unum
806 3563 871 3629 gius.
892 3559 1003 3622 -Eo,
1022 3556 1056 3612 ed
1075 3558 1103 3610 id
1121 3569 1325 3629 pretextae.-

248 3637 347 3708 egioee,
362 3651 392 3692 ut
406 3639 472 3692 mihi
488 3657 592 3692 morem
607 3655 720 3710 gereres.
808 3667 849 3680 -·
865 3639 1011 3706 Qrtr'dmeo,
1028 3655 1064 3692 eo.
1078 3636 1326 3692 interemi-Num

290 3719 356 3788 788.
373 3719 454 3788 Quum
470 3738 587 3773 maxume.
598 3718 711 3772 Varient
724 3715 763 3768 Ιο·
808 3720 867 3772 milti
882 3719 970 3772 ἅιιιιιιιι
985 3726 1042 3771 est?
1061 3717 1126 3770 Sub.
1141 3729 1276 3789 argentum,
1289 3719 1325 3770 Et

248 3797 366 3862 odones,
378 3809 427 3849 tum
440 3817 565 3860 munte,
576 3799 618 3852 vel
630 3818 702 3872 quom
713 3813 763 3850 mo·
805 3810 885 3870 negat
898 3797 1103 3869 interrogand03
1117 3797 1190 3869 quasi
1209 3795 1324 3849 diceret:

248 3896 327 3929 surae.
338 3911 378 3920 -
388 3878 467 3950 AEqur'
475 3877 583 3949 bonique.
595 3880 661 3933 Sub.
671 3897 759 3938 coroa,
811 3879 884 3932 «Cur
891 3892 1031 3950 argentum
1039 3877 1162 3945 reddam,
1171 3875 1245 3949 quod
1255 3875 1324 3929 mibi

247 3974 282 4010 rc.
302 3969 330 4010 ut
344 3957 480 4010 consulam
494 3957 609 4028 equitati
623 3971 649 4012 et
663 3957 761 4028 probi·
807 3957 971 4012 datum'non
983 3957 1042 4012 eat?
1054 3985 1066 4005 ι

820 4089 834 4122 0
