2968 4856
395 329 582 405 HEAUT.
610 335 715 406 llCT.
743 335 894 421 11,sc.
923 337 967 404 ΙΙ.
1139 335 1214 434 349

144 471 226 539 S'rn.
249 457 330 540 Non
356 468 505 562 oportuit
531 465 669 538 relictus.
694 469 832 536 Portant
851 467 932 562 quid
957 467 1093 537 rerum?
1112 471 1212 542 Cnrrr.

306 577 370 644 Hei
387 571 482 644 mihi!
1110 643 1115 656 ,

143 684 225 752 Srn.
248 685 399 769 Aurum,
421 695 565 768 vestem;
591 694 625 749 et
643 680 860 775 vesperascit,
887 695 922 750 et
946 705 1014 750 non
1044 691 1211 753 noverunt

303 789 401 856 viam.

145 896 283 962 Factum
309 918 330 963 a
359 893 454 963 nobis
480 892 579 964 stulte
604 905 662 962 est.
690 888 752 962 Abi
784 890 865 961 dum
893 906 947 981 tu,
972 895 1123 983 Dromo,
1146 895 1209 968 illis

304 1001 445 1070 obviam.

143 1102 306 1200 Propera!
330 1106 420 1196 Quid
440 1103 527 1176 stus?
547 1107 650 1175 Cum.
672 1103 732 1174 V'ae
752 1105 873 1175 misero
898 1105 998 1194 mihi,
1022 1123 1146 1202 quantu
1167 1110 1209 1180 de

305 1237 363 1308 spe
380 1210 509 1284 decidii
1172 1240 1211 1278 25.

143 1321 242 1388 Cnrr.
270 1319 361 1408 Quid
386 1316 491 1388 istuc?
514 1319 598 1407 Quae
625 1341 677 1386 res
705 1330 738 1385 te
763 1314 918 1388 sollicitat
947 1318 1079 1389 autem?
1102 1324 1206 1394 Cnnt.

301 1427 455 1520 Rogitas,
471 1423 550 1519 quid
571 1422 656 1492 siet?

141 1529 261 1599 Viden'
279 1531 336 1600 tu?
350 1529 512 1634 lucillus,
529 1553 664 1616 aurum,
678 1541 803 1598 vestem
815 1583 825 1616 ‚
839 1549 942 1626 ¹quam
961 1555 1024 1626 ego
1042 1555 1119 1602 curn
1141 1559 1208 1604 unu

300 1637 454 1708 ancillula

182 1857 246 1919 ²47·
268 1851 376 1902 Portant
390 1851 450 1923 quid
464 1857 560 1902 rerum!
574 1849 651 1919 Legit
694 1829 738 1881 -’
748 1847 787 1899 Et
796 1865 844 1898 uon
857 1861 972 1900 noverunt
984 1853 1059 1904 viam.
1073 1851 1131 1904 Hoc
1142 1849 1202 1906 ideo

139 1927 296 1982 affirmative
308 1929 428 1992 Rotbius,
443 1931 509 2002 quod
521 1947 611 1990 rerum,
624 1939 650 1981 et
693 1924 781 1994 addit,
793 1927 855 1998 quiu
876 1945 908 1980 ex
925 1929 991 1982 urbe
1007 1931 1204 1986 arcessebantur

140 2009 267 2080 explicet,
285 2009 358 2062 nulla
380 2006 491 2061 admissu
511 2007 650 2078 interpun-
692 2007 721 2058 in
731 2005 925 2060 suburbanum.
939 2007 1034 2079 Supra,
1046 2011 1201 2077 191.Wesr.

140 2089 229 2142 ctione
242 2089 428 2160 porticalium,
445 2087 494 2139 ·0b
513 2085 541 2138 id
560 2104 651 2138 rerum
734 2091 800 2154 ²49·
819 2086 873 2139 Aba·
888 2086 945 2138 dum
964 2098 1007 2151 tu,
1028 2087 1128 2140 Dromo.
1148 2089 1199 2143 Ms.

139 2168 211 2238 quod
231 2171 371 2238 portent.»
392 2168 461 2222 Cum
474 2178 573 2238 puncto
586 2165 650 2235 legit
691 2164 763 2236 Lips.
786 2165 840 2218 Abs·
861 2179 904 2229 tu,
936 2166 1044 2231 Dromo,
1072 2169 1136 2220 doru.
1159 2200 1200 2211 —

139 2249 274 2318 Antesign.
288 2248 348 2320 quid
368 2267 454 2300 rerum.
471 2247 527 2298 Nos
544 2245 648 2316 siguum
691 2243 793 2297 Factum
814 2266 830 2297 a
849 2245 917 2297 'nodis
932 2247 1006 2298 stulte
1025 2259 1077 2312 est,
1098 2246 1144 2319 qui
1160 2267 1202 2302 eus

139 2325 647 2396 exclamationisdumuspostllip.Perl.
690 2325 810 2378 comitati
830 2344 884 2377 non
903 2325 993 2379 simus.
1013 2357 1053 2370 —
1067 2329 1120 2380 Abs'
1132 2327 1198 2382 dum.

139 2406 648 2478 Vulp.1nterruguntlduret.zcun.-
691 2403 789 2456 Portic.
804 2403 861 2455 dum
881 2405 1017 2458 abundare
1035 2405 1161 2473 videtur,
1175 2422 1201 2463 et
1255 2439 1258 2444 ·

140 2486 210 2554 Quid
225 2493 317 2537 rerum!
331 2488 441 2552 «Quum
457 2486 552 2538 multus
562 2503 602 2536 res
621 2496 649 2536 et
690 2483 822 2536 comicum
836 2495 876 2536 est
888 2484 916 2535 in
927 2485 1015 2538 verbis
1026 2486 1138 2540 maxime
1148 2489 1200 2541 im·

136 2565 259 2636 mugnus!
277 2591 287 2612 ι
313 2562 589 2622 Animadvertendum
608 2575 648 2616 est
689 2561 825 2632 perutivio.
840 2563 968 2616 Turselliu.

136 2662 239 2710 servos,
259 2645 334 2716 quusi
359 2645 410 2699 soli
437 2644 506 2714 sint,
525 2661 646 2697 sermone
732 2641 796 2695 ubo.
813 2643 928 2712 Propero
946 2646 1016 2697 Dent
1029 2665 1130 2716 propere
1148 2647 1199 2700 Ms.

137 2741 184 2777 suo
199 2725 350 2779 intermixto
363 2744 418 2778 non
429 2722 561 2777 desistere.
687 2722 760 2792 Lips.
775 2721 852 2774 Bodl.
866 2721 911 2776 Br.
930 2734 956 2775 et
970 2725 1092 2796 plerique
1107 2746 1199 2780 omnes

176 2807 242 2867 248.
256 2805 644 2872 Aurum,uestem.8c.portaot.
687 2801 800 2854 Bentleii
825 2800 938 2856 codices.
958 2805 1052 2856 -De
1072 2825 1121 2874 spe.
1148 2809 1197 2860 Alii

135 2877 192 2938 Sibi
210 2885 390 2938 revocandum
409 2897 447 2937 est
467 2901 522 2936 esse
535 2882 644 2935 Brcohi·
686 2901 748 2951 spe,
770 2881 866 2935 omissa
884 2901 997 2954 proepos.
1017 2883 1056 2938 dc.
1071 2917 1111 2927 -
1132 2887 1202 2957 Quid

134 2961 196 3017 dem
208 2965 375 3017 meretricem
390 2962 558 3032 magnificam,
580 2981 644 3014 sum·
686 2968 757 3012 stus?
769 2961 845 3027 Quid
869 2963 1018 3016 cunctaris?
1037 2995 1077 3008 --
1093 2965 1133 3016 De
1155 2987 1197 3037 spe

131 3055 261 3112 ptuosam',
280 3055 388 3096 utente
409 3040 511 3095 dictum
533 3042 585 3094 luit
604 3060 643 3108 ys.
685 3041 771 3093 decidi.
782 3035 1025 3096 Adnotitl'erletus
1039 3045 1153 3098 inveniri
1165 3047 1193 3100 in

138 3141 204 3193 ²²7·
215 3155 253 3165 --
264 3124 330 3175 Auri
340 3141 403 3176 vero
412 3123 522 3176 nomine
532 3121 644 3174 veniunt
660 3115 670 3126 “
686 3121 796 3174 Sueton.
813 3121 877 3174 Oth.
892 3141 919 3187 r,
932 3143 972 3193 spe
987 3124 1111 3187 deciderc;
1127 3139 1152 3178 et
1169 3127 1195 3178 in

133 3215 290 3255 ornamento
302 3202 449 3256 muliebris.
461 3201 528 3274 Sunt
538 3201 584 3272 qui
597 3220 643 3252 au·
685 3201 719 3255 T.
735 3200 794 3254 Liv.
807 3219 918 3260 xxxva,
935 3207 983 3266 26,
997 3225 1013 3254 a
1028 3224 1069 3274 spe
1078 3205 1193 3256 decidere.

133 3302 201 3346 rior,
228 3293 317 3334 vestem
343 3300 391 3354 per
418 3279 545 3350 endyusin
572 3278 644 3333 dictu
728 3279 794 3333 251.
814 3281 884 3350 Quid
894 3285 963 3334 s'stuu
975 3281 1128 3352 Lugendum
1141 3303 1197 3336 rno-

132 3375 228 3431 putant
243 3354 286 3430 (ut
300 3380 354 3415 unu
366 3379 408 3414 ree
421 3361 449 3412 in
462 3357 527 3412 duos
538 3358 643 3412 divide·
685 3374 732 3413 net
749 3360 833 3412 Bentl.
857 3364 900 3432 qui
923 3364 990 3413 istuc.
1008 3393 1047 3403 -
1061 3361 1192 3416 Sollicitat.

133 3432 188 3506 tur)
209 3459 284 3512 pro,
306 3441 411 3493 vestibus
431 3459 491 3492 auro
514 3439 642 3492 distinctis.
685 3439 776 3493 Guell.
795 3455 824 3502 r,
842 3451 869 3492 et
881 3439 932 3492 Ms.
949 3439 1035 3492 Mur-li.
1054 3441 1190 3494 sollicitant.

133 3519 190 3590 Ego
215 3539 271 3573 nun
290 3523 338 3586 itu3
354 3539 416 3574 num
436 3520 544 3590 singulo
564 3537 643 3572 voces
685 3551 724 3563 -
741 3518 810 3589 Quid
819 3521 894 3578 istus.
909 3537 944 3571 sc.
962 3517 1086 3589 estquod
1100 3531 1125 3572 te
1138 3521 1193 3591 ugi-

133 3601 197 3652 item
217 3603 395 3671 sejunguntur
415 3599 485 3652 inlro
503 3616 552 3651 uss.
569 3601 643 3668 778,
685 3611 730 3650 tut.
747 3627 788 3640 ·-
803 3597 972 3657 Aurem-vox
991 3611 1028 3649 est
1044 3597 1191 3663 hocloco,

133 3691 160 3732 et
185 3684 250 3748 894.
273 3681 340 3734 Perl.
364 3709 405 3722 --
429 3681 466 3732 Et
488 3681 641 3749 vesperascit.
685 3677 759 3749 quasi
770 3676 923 3740 refellentis,
935 3689 962 3729 et
974 3677 1100 3732 mirantis.
1113 3680 1192 3732 Eum·

134 3759 219 3812 Quos
242 3777 290 3811 cur
309 3777 364 3812 non
386 3758 507 3830 oportuit
530 3758 641 3811 relictus.
685 3755 747 3811 dem
761 3757 816 3810 lere
835 3775 939 3810 sensum
960 3757 1051 3822 hubet,
1068 3760 1192 3814 Eunuob.

132 3838 232 3890 Seruus
242 3837 353 3910 quidem
369 3839 478 3892 fortuito
493 3838 551 3891 brec
560 3836 641 3902 dicit,
688 3856 754 3909 797,
772 3853 831 3907 pag.
850 3839 916 3898 246.

132 3915 179 3968 sed
196 3936 226 3970 ex
241 3919 353 3972 urtilicio
374 3931 474 3988 poeta,
490 3916 523 3970 ud
542 3936 641 3989 eugen·
728 3915 944 3970 252.Vidcn'so?
956 3917 1080 3981 Ancillas,
1091 3919 1194 3972 elusio
1208 3927 1218 3952 s

131 3995 193 4048 durn
205 3998 431 4068 perturbationem
442 3998 544 4052 Cliniu.
555 3998 600 4053 W
597 4009 639 4050 cst.
687 3995 873 4066 distinguimus
885 4016 916 4049 ex
927 3995 1019 4050 Fuern.
1032 3998 1115 4052 Bentl.
1125 3999 1194 4053 Perl.
