2926 4858
511 343 577 414 DE
604 343 850 417 THEATRO.
1161 369 1221 421 xor

127 460 190 532 dum
206 461 475 534 inComoediis
489 479 577 553 erat,
596 467 803 561 vestitusque
818 467 1077 538 commutandus
1092 492 1155 563 pro
1171 467 1214 537 af·

128 573 279 664 lectibus,
300 599 406 671 quos
433 601 476 644 ex
496 577 676 648 Comoediae
703 579 832 648 actibus
860 577 1115 675 significabant,
1136 577 1219 650 laetis

129 685 255 756 restitm
284 685 455 756 dabatur
481 687 641 756 candidus
659 715 667 757 :
686 690 882 760 aerumnosis
907 688 1103 760 obsoletus:
1123 689 1219 759 diviti

133 821 256 892 quoque
277 821 516 893 purpureus;
539 799 680 894 pauperi
705 799 902 894 phoenicius
920 801 1053 895 Tragici
1071 813 1130 869 aut
1149 815 1219 869 tra·

137 907 212 1002 gredi
230 923 377 978 actores
410 905 725 979 calceamentorum
744 935 865 1006 genere
883 935 901 980 a
920 909 1088 983 Comoedis
1109 909 1220 978 varia-

138 1018 233 1108 bant,
253 1043 374 1114 eoque
398 1019 686 1105 discernebantur.
706 1022 899 1092 Utebantur
917 1023 1007 1092 enim
1026 1021 1162 1118 Tragici
1184 1021 1219 1098 in

141 1129 281 1201 Tbeatro
301 1133 517 1220 Cothurnis,
529 1131 622 1226 quod
636 1131 703 1203 tale
720 1159 826 1229 genus
843 1148 915 1204 erat
933 1132 1148 1233 calceamenti
1158 1175 1175 1221 ,ι
1182 1147 1221 1202 ut

142 1241 256 1312 dextro
275 1240 434 1338 laevoque
454 1242 530 1339 pedi
549 1246 767 1316 conveniret:
785 1261 942 1318 caeterum
961 1245 1067 1318 altum
1088 1261 1123 1316 ct
1143 1270 1222 1340 pro-

141 1346 292 1442 minens,
312 1368 514 1449 actoresque
533 1357 744 1449 proceriores
761 1355 911 1427 efficiens
929 1381 969 1427 ac
987 1356 1151 1443 referens3
1164 1379 1219 1423 va-

45 1490 48 1509 ·
141 1465 181 1533 rii
200 1463 346 1548 coloris,
370 1479 405 1533 et
423 1464 604 1535 honestum
626 1481 727 1561 atque
752 1465 904 1562 elegans';
920 1491 1025 1562 usque
1046 1465 1090 1535 ad
1107 1491 1221 1536 suram
1299 1515 1306 1522 -

141 1572 346 1669 plerumque
363 1573 574 1662 devinctum,
589 1601 684 1644 more
699 1577 840 1646 Punico.
852 1577 981 1647 Comici
998 1591 1142 1661 actores,
1162 1590 1222 1644 aut

141 1685 308 1772 eomoedi,
333 1687 369 1754 in
391 1685 498 1755 scenis
526 1687 639 1755 Soccis
668 1686 869 1773 utebantur,
893 1685 984 1782 quod
1006 1684 1223 1756 calceamenti

143 1821 251 1890 genus
282 1796 411 1891 optime
441 1794 504 1865 sub
531 1793 634 1889 pallio
660 1798 890 1868 conveniebat.
928 1797 1222 1886 Quemadmodum

142 1907 233 1975 enim
248 1931 440 2002 pauperum
454 1929 494 1975 ac
508 1907 710 1977 rusticorum
732 1909 969 1979 vestimentum
984 1906 1049 1976 fuit
1062 1904 1223 1995 Pallinm,

142 2017 188 2087 ita
208 2019 314 2087 etiam
340 2020 465 2087 Soccus
482 2015 590 2086 altum
613 2017 678 2088 fuit
699 2015 962 2088 calceamentum
991 2017 1124 2088 rusticis
1144 2041 1223 2110 pro-

142 2131 428 2224 prium,propter
446 2127 572 2198 imbres
592 2143 625 2200 et
647 2128 885 2224 lutum‚atque
903 2127 1060 2198 hibernas
1073 2127 1223 2223 pruinas.

141 2243 194 2309 Eo
209 2237 431 2310 calceamenti
445 2264 566 2336 genere
579 2240 761 2310 utebantur
775 2255 844 2310 tam
858 2238 923 2309 viri
938 2265 1039 2334 quam
1054 2235 1221 2307 mulieres.

141 2348 382 2440 Quintilianus
398 2341 407 2418 ἑ
422 2350 622 2420 «Comoedia
641 2351 676 2420 in
694 2351 878 2421 cothurnos
896 2374 965 2419 non
981 2350 1127 2446 assurgit
1138 2375 1147 2437 3
1160 2374 1223 2419 nec

140 2477 263 2532 eontm
279 2459 460 2555 Tragoedia
467 2484 564 2530 socco
580 2460 797 2557 ingreditur.»
806 2459 983 2556 Tragoedia
999 2461 1107 2548 enim,
1117 2484 1224 2556 quum

140 2597 246 2667 grave
272 2585 307 2641 et
333 2595 493 2666 magnum
513 2585 769 2666 argumentum,
790 2595 995 2668 magnasque
1015 2585 1049 2639 et
1068 2569 1223 2665 ingentes

139 2705 307 2775 personas
326 2704 395 2776 prae
416 2679 586 2768 ecferret,
605 2679 780 2751 cothurnis
799 2682 848 2750 uti
867 2680 992 2750 debuit.
1011 2679 1221 2757 Comoediam

139 2806 255 2861 autem
265 2843 276 2876 ‚
287 2815 397 2886 quum
411 2803 496 2860 esset
508 2789 663 2880 humilis,
676 2804 710 2860 et
731 2789 873 2860 rusticos
885 2805 1089 2885 proponeret
1103 2791 1138 2860 in
1154 2815 1223 2860 sce-

137 2925 205 2990 na,
223 2899 339 2997 palliis
361 2913 397 2970 et
425 2901 530 2970 soccis
553 2899 763 2970 commodius
782 2914 855 2970 erat
875 2902 999 2970 ornari.
1017 2901 1120 2989 Quod
1140 2926 1224 2996 prae·

139 3024 232 3082 terea
253 3011 297 3082 de
325 3009 381 3082 his
401 3009 504 3080 rebus
528 3001 595 3082 dici
620 3037 718 3108 posse
737 3012 904 3108 quispiam
925 3009 1111 3106 judicabit,
1133 3011 1167 3080 id
1188 3010 1225 3079 in

137 3121 231 3194 aliud
251 3139 391 3216 tempus
414 3135 584 3218 exspectet
600 3135 816 3192 necesseest:
835 3147 904 3192 non
923 3121 1012 3191 enim
1035 3122 1090 3192 hic
1111 3121 1224 3190 omnia

135 3232 237 3304 simul
252 3233 430 3304 discutere
444 3229 544 3301 nobis
557 3229 666 3320 licuit,
677 3245 750 3303 tum
763 3247 903 3328 propter
915 3231 964 3302 rei
980 3230 1225 3319 difficultatem,

133 3357 208 3418 tum
227 3369 313 3418 uero
336 3343 421 3440 quia
438 3365 503 3440 per
519 3343 653 3438 negotia
671 3343 784 3412 minus
802 3342 867 3412 fuit
886 3342 1111 3418 commodum.

492 3655 889 3692 unua-*0*—
