3014 4860
446 421 635 490 natur.
663 422 769 491 Aer.
795 421 839 508 v,
861 421 927 490 sc.
957 421 1018 490 vi.
1189 419 1266 507 465

195 560 317 628 Faciet.
338 558 428 625 Cur.
447 552 539 624 Nihil
558 553 657 622 etiam
681 553 779 624 audio
800 555 920 648 ipsum.
943 554 1042 624 Cur.
1064 549 1166 624 Perii!
1189 556 1267 632 Sos.

353 665 406 732 An
422 660 569 748 dubitas,
586 655 758 754 Clitipho?

197 775 285 843 Cirr.
297 773 405 840 Immo
420 781 533 838 utrum
543 765 637 836 vult?
646 769 741 838 Mau.
753 769 865 838 Faciet
877 769 1077 840 omnia.Sos.
1091 771 1171 840 Haec
1185 768 1265 840 dum

355 877 512 971 incipitur,
528 876 641 970 gravia
657 889 751 962 sunt,
1216 907 1268 946 ..u

122 989 125 994 ’
196 989 353 1078 Dumque
378 985 532 1078 ignores3
559 980 615 1050 ubi
653 982 825 1078 cognoris,
853 979 972 1051 facilia.
996 983 1096 1052 Cur.
1116 985 1269 1074 Faciam,

379 1104 458 1158 ater.

195 1201 271 1266 Sos.
295 1115 405 1265 Gnile
427 1197 488 1278 mi,
511 1220 573 1288 ego
600 1193 656 1290 pol
685 1195 745 1264 tibi
768 1194 854 1264 dabo
879 1193 967 1264 illam
990 1194 1151 1289 lepidam,
1168 1223 1269 1292 quam

357 1317 393 1371 tu
414 1300 511 1372 facile
528 1325 635 1384 ames,

196 1525 248 1594 hoc
259 1541 382 1604 verbum,
390 1555 445 1591 non
454 1534 711 1591 atatimvolensdarc
755 1537 854 1608 glossis,
865 1550 895 1590 ut
902 1535 1015 1590 videtur.
1024 1538 1068 1590 W
1065 1551 1108 1591 eet.
1116 1537 1181 1594 Hui.
1190 1541 1268 1596 inter

195 1637 364 1693 responsum,
375 1630 505 1688 tanquam
520 1617 597 1688 prius
612 1615 712 1670 delibe-
755 1615 819 1670 serit
831 1616 946 1687 pariter,
956 1617 1087 1670 Acrillam
1096 1623 1209 1691 saepiat,
1226 1635 1272 1676 aut

196 1713 313 1754 raturus.
325 1721 366 1732 ·-
379 1698 452 1752 Nihil
460 1697 543 1750 audio.
557 1695 600 1750 Ad
609 1699 712 1768 jussum
755 1715 792 1748 me
810 1699 929 1750 inimicum
949 1696 1058 1764 iubebit,
1069 1709 1148 1752 utrm
1160 1702 1270 1755 uolt.—

196 1781 246 1833 sibi
270 1790 409 1849 tantopere
432 1777 567 1848 ingratum
592 1776 712 1848 Clitipho
757 1775 853 1832 Grauia
871 1786 936 1830 aaut.
949 1774 1023 1832 Edit.
1033 1779 1123 1833 Aaou.
1136 1798 1207 1850 grue.
1222 1801 1272 1835 om·

196 1859 265 1913 nihil
277 1855 431 1930 respondet,
442 1875 498 1928 pru
507 1869 581 1910 metu
590 1875 625 1910 ne
635 1868 712 1928 pater
755 1859 797 1909 uia
809 1867 876 1910 curtt.
886 1887 928 1906 --,
938 1857 1014 1910 Immo
1023 1868 1102 1920 utrum
1113 1861 1191 1912 uult?
1203 1861 1271 1916 Cor·

197 1940 339 2002 irascatur,
365 1935 411 1991 sed
428 1935 524 1991 timida
533 1955 615 2002 voce,
636 1935 712 2008 qussi
755 1934 819 2008 ripit
832 1951 959 2002 uxorem,
973 1953 1033 2007 quae
1046 1939 1123 2008 quusi
1139 1941 1272 2010 permittit

196 2016 408 2072 misericordium
419 2017 554 2088 implorat.
571 2017 651 2069 Tune
664 2034 712 2087 pa·
755 2016 866 2070 arbitrio
878 2015 941 2081 filii,
952 2015 1091 2088 quidipse
1101 2018 1188 2072 fauere
1200 2021 1271 2075 velit.

195 2112 237 2152 ter
250 2115 339 2150 severa
353 2095 434 2151 voce:
444 2097 517 2151 Nihil
528 2097 611 2149 audio.
624 2096 712 2150 «Mihi
757 2097 878 2162 «Quen-o
902 2107 994 2148 utrum
1018 2096 1161 2152 amborum
1183 2100 1270 2154 veliti

196 2197 251 2230 non
271 2175 435 2248 respondes,
456 2189 530 2240 nate,
554 2195 622 2229 num
644 2177 712 2230 mihi
756 2193 867 2230 uxorem
890 2172 990 2228 ducere
1011 2193 1045 2230 ιιι
1074 2177 1267 2234 exheredari·
1345 2185 1354 2191 '

197 2256 355 2311 obediturus
369 2255 432 2310 sis.-
446 2257 579 2310 Probatur
596 2255 711 2310 cecissi-
755 2285 796 2298 --
812 2255 900 2308 Faciet
914 2258 1010 2321 omnia,
1028 2275 1088 2329 sup.
1106 2276 1167 2330 qnte
1184 2261 1271 2333 impe.

197 2355 257 2401 me,
274 2349 305 2389 ut
320 2335 445 2408 equidem
460 2337 538 2389 nohis
543 2334 666 2402 videtur,
680 2353 712 2390 ex
755 2335 835 2390 rubis.
852 2365 892 2378 -
905 2335 986 2403 Hoec,
996 2335 1149 2408 relinquere
1160 2339 1273 2395 Bacchi·

196 2435 235 2470 vs.
249 2415 472 2488 sequeuti‚·hunc
486 2433 540 2469 esse
549 2433 643 2469 rernm
655 2435 712 2469 sen·
755 2413 834 2480 dem,
845 2414 988 2468 consilium
998 2431 1093 2487 cupere
1104 2416 1138 2472 de
1150 2415 1272 2476 ducenda

197 2515 265 2550 sum.
281 2496 336 2549 Alii
350 2509 438 2549 tamen
458 2495 629 2566 explicatu
643 2495 712 2549 Nul-
755 2511 847 2547 uxore.
867 2524 908 2540 -
930 2493 1042 2560 Gravia,
1057 2497 1184 2565 moleste,
1200 2497 1272 2554 diffi·

197 2576 249 2629 lam
257 2573 596 2641 excusationemeudio‚·et
605 2589 712 2629 censent
754 2572 822 2628 cilia.

195 2673 316 2709 aversum
328 2667 355 2708 et
365 2653 711 2726 indignatumChremetem
797 2656 880 2708 1061.
894 2652 1013 2716 Facimu,
1026 2667 1107 2726 pater.
1121 2655 1208 2713 Mark.
1223 2657 1271 2714 ad.

196 2734 253 2788 huo
265 2733 363 2789 dicere.
377 2735 474 2787 -Ad
485 2755 522 2787 me
533 2737 631 2806 recipio.
643 2737 711 2788 Rem
754 2731 796 2788 dit
819 2735 908 2787 omnia.
926 2763 966 2778 ω-
985 2733 1034 2787 Ubi
1051 2741 1176 2806 cognoris,
1191 2757 1272 2812 expe·

196 2815 224 2866 in
236 2832 279 2866 me
292 2814 406 2887 recipio,
420 2833 456 2868 sc.
467 2815 651 2886 Clitiphonem
659 2812 712 2866 du·
753 2811 866 2878 riundo,
879 2831 938 2867 tun.

197 2905 304 2946 ctutum
318 2909 439 2949 uxorem.
455 2895 547 2948 Simile
559 2895 614 2948 fere
629 2891 711 2946 modo
798 2897 878 2948 1062.
896 2892 979 2949 Gnate
991 2897 1033 2950 mi.
1050 2895 1082 2950 C.
1097 2895 1132 2950 G.
1149 2915 1186 2952 m.
1201 2901 1270 2954 milti.

198 2971 330 3025 dicimus:
346 2973 398 3026 «Ie
414 2971 514 3043 prende
535 2975 561 3027 lu
574 2975 654 3028 chose
665 2992 711 3028 sur
754 2973 794 3026 Its
811 2985 900 3028 tamen
920 2972 1065 3045 scriptum,
1087 2989 1119 3030 ut
1138 2979 1271 3048 posterior

198 3052 280 3105 moi.»
753 3053 868 3124 syllaba,
883 3055 911 3106 1ιὶ
929 3052 1071 3124 ριΙΙίᾶὶοιο
1092 3068 1239 3112 atramento
1256 3079 1272 3113 u

241 3131 323 3200 1059.
344 3131 417 3184 Nihil
431 3135 504 3183 etiem
525 3133 607 3186 audio.
631 3135 712 3188 Abest
754 3134 854 3188 seriore
873 3151 955 3188 manu
971 3132 1073 3208 adjecta
1085 3134 1271 3190 videntur...

197 3213 270 3263 etiam
282 3210 374 3265 Gueli.
384 3229 411 3262 ι.
420 3211 542 3264 —Niliil
551 3216 623 3264 etium
637 3213 711 3266 oredo
755 3213 836 3267 Illam.
847 3212 906 3267 Par.
921 3232 949 3285 p.
958 3231 1013 3269 ver.
1024 3213 1105 3268 ellam.
1115 3215 1175 3269 Lib.
1186 3217 1271 3289 antiq.

198 3294 283 3359 ipsust·
295 3289 446 3360 Ingeminat
457 3289 585 3345 Chremes
594 3307 660 3346 voce
671 3312 711 3346 aa·
753 3294 867 3363 puellam.
885 3323 925 3336 --
938 3295 998 3364 Ego
1010 3292 1056 3364 pol
1070 3294 1114 3346 tibi
1125 3293 1199 3348 dabo.
1214 3297 1269 3351 Ne·

197 3371 314 3440 puriori:
323 3391 334 3414 ι
343 3368 475 3424 Nondum
494 3367 573 3422 etism
585 3369 667 3424 audio
681 3373 711 3426 fi·
755 3373 857 3428 minem
872 3373 1048 3444 interpretum
1060 3374 1211 3446 movitque
1224 3377 1270 3431 hic

197 3449 265 3504 lium
280 3448 487 3522 respondentem
501 3449 571 3502 mihi
582 3449 617 3504 de
634 3453 711 3522 jussu
755 3465 826 3517 arto,
841 3450 987 3506 secundum
1000 3470 1066 3518 nos,
1079 3453 1220 3510 Terentius
1230 3457 1271 3510 ie·

198 3547 280 3602 quem
289 3529 373 3584 emisi.
388 3555 402 3579 ι
413 3529 569 3598 Pitinum,
582 3530 711 3602 Clitipho,
755 3532 824 3585 cerit
833 3549 945 3585 uxorem
953 3532 1147 3604 Clitiphouieh
1156 3534 1213 3606 ipsa
1222 3555 1270 3591 sne

197 3608 383 3682 desperatione
400 3627 506 3682 semper
518 3623 545 3663 et
562 3623 636 3664 metu
646 3609 713 3664 deii-
757 3625 854 3678 matre,
868 3629 923 3665 non
935 3625 1046 3667 autema
1060 3626 1135 3682 patre
1144 3617 1271 3688 proponi.

197 3708 260 3755 xus,
275 3691 314 3743 nil
326 3690 464 3762 loquitur,
476 3701 504 3742 at
523 3707 613 3744 secum
635 3688 713 3758 dicit,
732 3698 736 3707 “
759 3691 830 3756 Quia
842 3692 1015 3763 nempe,nisi
1026 3693 1159 3758 fallimur,
1172 3694 1271 3752 leniori

198 3769 275 3822 Perii.
296 3799 338 3812 -
360 3771 406 3824 Au
436 3769 552 3835 ᾰιόἰιαι,
581 3765 714 3841 Clitipho?
757 3771 815 3824 hnc
824 3789 890 3824 νοω
899 3785 926 3826 et
936 3771 1026 3827 minus
1038 3771 1183 3842 imperanti
1195 3773 1270 3831 simi·

178 3847 313 3926 „sippte
330 3867 442 3904 uxorem
451 3849 580 3922 occipere.
758 3851 802 3913 lis,
809 3847 1030 3924 sperstsepotiui
1036 3852 1142 3923 juvenis
1149 3853 1270 3910 animum

170 3949 173 3955 ·
243 3932 328 3983 1060.
347 3928 631 3986 iterumiterum.
644 3929 714 3984 inte·
757 3930 891 3984 labantem
901 3929 1076 4003 impulsurum
1085 3932 1269 3989 fore.-Jltam

198 4009 445 4077 gruminterserunt
452 4027 571 4066 remum:
581 4009 638 4066 Aut
647 4009 714 4062 iilam
759 4009 877 4080 lepidam,
892 4023 944 4064 etc.
965 4012 1017 4066 liic
1035 4010 1146 4079 slludit,
1162 4028 1193 4069 ut
1208 4018 1270 4089 joco

200 4091 310 4158 accipriet,
326 4099 369 4142 aut
379 4108 415 4142 me
423 4093 543 4144 inimicum
556 4090 660 4146 iubebit.
672 4091 713 4144 Ex
759 4089 864 4146 tristitia
885 4092 1018 4160 solvatur,
1032 4111 1115 4164 quum
1134 4097 1271 4165 promittit

254 4199 284 4262 I.
981 4184 1085 4270 '30
