2926 4858
580 101 590 143 x
668 83 671 92 .

265 369 345 414 cavi
589 347 763 414 ELOGIA
790 347 1015 415 VETERUM

267 499 399 544 servare
423 477 580 544 convenit
600 501 699 570 quam
726 479 872 547 Titinnio
897 493 931 546 et
954 479 1118 546 Terentio.
1145 475 1236 550 Πάθη
1256 500 1335 544 vero

268 582 416 665 Trabea,
431 583 559 677 inquit,
578 597 612 652 et
630 583 761 653 Attilius
775 599 809 652 et
826 583 977 654 Caecilius
997 582 1092 652 facile
1113 597 1299 653 moverant.

456 919 459 926 ,
507 811 630 890 Isidor.
653 815 782 908 Ortgr'rt.
801 813 856 883 ltb.
873 819 909 901 I,
931 838 1009 916 cap.
1039 812 1100 908 39.

323 1023 464 1095 Fabulas
491 1041 597 1120 poetae
627 1026 786 1121 quasdam
815 1027 999 1098 delectandi
1027 1051 1127 1098 causa
1149 1026 1341 1111 finxerunt,

271 1131 432 1225 quasdam
458 1131 501 1200 ad
523 1149 658 1204 naturas
676 1160 811 1217 rerum,
840 1134 1016 1204 nonnullas
1037 1133 1080 1202 ad
1103 1158 1212 1202 mores
1231 1132 1341 1201 homi·

273 1262 353 1306 num
376 1239 583 1334 interpretati
607 1256 693 1311 sunt.
716 1241 912 1312 Delectandi
940 1265 1039 1311 causa
1062 1241 1177 1328 fictas,
1199 1253 1238 1308 ut
1264 1263 1346 1322 eas,-

272 1367 354 1438 quas
375 1344 476 1440 vulgo
492 1345 625 1436 dicunt,
640 1346 693 1416 vel
712 1372 794 1443 quas
809 1347 945 1417 Plautus
963 1363 997 1417 et
1015 1349 1189 1416 Terentius
1207 1369 1343 1440 compo-

274 1467 420 1524 suerunt.

355 1665 417 1730 Ex
433 1665 576 1758 antiquo
594 1665 667 1734 cod.
683 1669 752 1734 Ms.
775 1672 811 1734 in
831 1665 1043 1735 Bibliotheca
1062 1668 1147 1758 aeg.
1170 1665 1262 1733 Gall.

336 1867 428 1921 Natus
444 1865 472 1921 in
488 1866 609 1927 excelsis
624 1867 704 1926 tectis
723 1867 905 1945 Carthaginis
921 1867 985 1924 altae

376 1965 514 2022 Romanis
528 1953 651 2022 ducibus
664 1965 770 2024 bellica
784 1965 881 2044 praeda
893 1965 944 2022 fui.
1018 2015 1020 2020 .

337 2061 483 2138 Descripsi
496 2081 592 2122 mores
607 2063 772 2136 hominum,
782 2064 996 2140 juvenumque,
1009 2079 1185 2136 senumque,

377 2162 508 2232 Qualiter
518 2177 548 2234 et
561 2163 638 2222 servi
653 2163 799 2242 decipiant
815 2163 965 2222 dominos:

333 2257 414 2329 Quid
428 2261 565 2319 meretrirr
575 2305 583 2334 ,
595 2262 667 2340 quid
678 2263 743 2320 leno
761 2261 835 2319 dolis
849 2262 995 2338 confingat
1008 2277 1113 2318 avarus
1126 2279 1135 2327 ;

377 2357 445 2414 Haec
457 2358 632 2436 quicumque
649 2360 734 2437 legit,
746 2359 802 2430 sir,
816 2371 906 2438 puto,
922 2369 1023 2415 cautus
1037 2355 1100 2413 erit.

560 2746 630 2812 DE
662 2746 804 2814 AELlO
836 2744 1066 2814 DONATO.
1150 2786 1153 2792 ·

448 2973 704 3067 Hieronymo
728 2975 905 3062 chronico,
926 2977 1059 3071 Olymp.
1078 2975 1161 3058 284.

338 3183 530 3254 Victorinus
547 3187 662 3254 rhetor
680 3201 714 3254 et
725 3188 880 3257 Donatus
898 3186 1153 3280 grammaticus,
1167 3138 1356 3278 praeceptor

198 3335 203 3346 x
282 3314 393 3376 incus,
407 3293 523 3360 Rotnae
534 3292 677 3384 insignes
693 3291 903 3362 habenturze
917 3293 1036 3386 quibus
1045 3292 1241 3362 Victorinus
1256 3291 1356 3359 etiam

281 3411 423 3470 statuam
443 3398 477 3466 in
496 3391 582 3466 Forb
599 3399 744 3492 Trojano
762 3399 892 3470 meruit.

500 3625 615 3712 Idem,
634 3626 785 3720 Apolog.
810 3625 942 3694 advers.
963 3627 1133 3721 Rufinum.

336 3855 422 3921 Puto
442 3853 531 3946 quod
555 3879 638 3948 puer
667 3853 785 3948 legeris
805 3856 903 3950 aspri
925 3857 957 3921 in
985 3851 1162 3948 Virgilium
1191 3866 1225 3920 et
1251 3849 1360 3921 Sallu-

284 3961 384 4028 stium
399 3964 682 4030 Commentarios:
699 3961 844 4032 Vulcatii
858 3966 891 4030 in
903 3962 1080 4030 Orationes
1091 3960 1265 4030 Ciceronis
1277 3985 1284 4025 :
1297 3960 1361 4026 Vi-
