3000 4866
295 449 404 496 nxxrv
654 425 723 493 DE
749 425 1006 494 T'HEATRO.

295 557 450 644 ssuminn,
468 571 506 625 ut
530 556 573 624 ab
591 570 734 652 utraque
757 572 853 652 parte
873 571 959 627 esset
979 555 1119 650 ignaviae
1137 577 1282 649 praesens
1302 581 1364 652 pe-

294 662 445 732 riculum.

348 771 535 864 Agitatores
558 769 637 840 dicti
663 785 742 840 sunt
762 774 885 867 aurigae
911 773 946 840 in
970 767 1087 840 Curuli
1111 769 1303 837 Certamine
1330 784 1365 837 et

296 874 399 945 Ludis
423 876 653 964 Circensibus,
673 899 816 971 quorum
839 878 998 948 factiones
1015 876 1111 945 erant
1133 898 1153 943 a
1171 876 1363 944 tunicarum

296 979 492 1053 coloribus:
520 997 558 1051 u't
586 982 641 1052 alii
665 982 856 1054 dicerentur
875 984 1030 1069 Russati,
1051 979 1181 1070 Albati,
1211 981 1364 1064 Prasini,

295 1090 431 1177 Veneti3
455 1103 553 1184 atque
575 1091 621 1158 ita
642 1090 829 1160 insistentes
848 1090 999 1162 curribus
1015 1089 1173 1183 juvenes,
1187 1086 1364 1158 velocitate

294 1219 477 1290 equorum,
499 1209 557 1264 aut
573 1196 774 1290 agitatorum
795 1213 867 1267 arte
885 1195 1112 1267 trahebantur.

346 1304 453 1370 Erant
472 1316 507 1371 et
526 1301 728 1390 desultores,
746 1306 802 1398 qui
824 1304 909 1374 duos
930 1327 1033 1398 equos
1050 1302 1175 1396 absque
1196 1299 1364 1395 ephippiis

294 1405 476 1503 agitantes,
494 1433 535 1478 ex
561 1408 666 1478 altero
688 1411 726 1478 in
740 1409 881 1480 alterum
904 1408 1044 1479 subinde
1063 1409 1148 1476 mira
1165 1405 1364 1502 pernicitate

291 1512 515 1584 desiliebant:
539 1507 740 1610 amplrippos¹
771 1518 881 1587 Graeci
907 1528 1041 1584 vocant.
1068 1515 1156 1583 Hinc
1183 1509 1365 1581 desultoria

294 1619 410 1690 levitas
431 1622 466 1689 in
485 1621 701 1717 proverbium
723 1620 803 1692 abiit
827 1649 834 1690 :
860 1635 894 1692 et
913 1622 991 1715 equi
1011 1617 1185 1690 desultorii
1203 1618 1300 1705 dicti,
1321 1617 1364 1687 ad

293 1725 328 1795 id
345 1741 516 1796 certamen.
530 1727 784 1798 accommodati.

348 1832 479 1906 Caletes
493 1848 528 1904 et
541 1832 765 1917 celetizontes,
781 1836 907 1930 equites
921 1848 1017 1903 erant
1033 1833 1069 1902 in
1086 1833 1277 1902 certamine
1294 1833 1362 1901 Cu›

296 1936 360 2008 ruli
381 1965 451 2010 non
470 1940 555 2037 bigis
576 1954 635 2009 aut
656 1939 825 2038 quadrigis
846 1953 996 2026 utentes,
1013 1939 1071 2008 sed
1086 1962 1173 2033 equo
1189 1962 1260 2006 uno
1280 1939 1364 2007 insi-

294 2045 434 2116 dentes:
456 2046 642 2143 cujusmodi
663 2063 832 2118 certamen
851 2045 952 2116 hodie
977 2070 1111 2141 quoque
1133 2041 1303 2113 nonnullis
1329 2045 1365 2112 in

291 2150 372 2224 locis
388 2152 587 2225 celebratur.

347 2259 434 2330 Ludi
461 2260 646 2356 gladiatorii
671 2261 867 2358 plerumque
887 2275 964 2357 post
987 2261 1143 2330 Scenicos
1167 2257 1300 2328 fiebant.
1322 2260 1364 2327 In

294 2367 333 2434 iis
346 2365 561 2438 decertabant
576 2367 705 2463 gladiis,
725 2367 954 2464 populumque
975 2365 1077 2436 celeri
1095 2366 1275 2460 agitatione
1293 2362 1364 2458 gla-

293 2471 425 2541 diorum
446 2472 667 2544 oblectabant.
682 2475 913 2545 Gladiatorum
928 2487 1039 2542 autem
1056 2495 1195 2566 genera,
1209 2471 1364 2552 Ratiarii·,

294 2579 489 2667 secutores,
513 2580 756 2668 Mirmillones,
775 2580 1013 2676 Hoplomachi,
1025 2579 1171 2649 ‘l'hraces
1190 2603 1197 2646 :
1218 2601 1365 2671 quorum

293 2683 444 2779 exempla
463 2687 554 2782 apud
576 2703 730 2758 auctores
750 2688 868 2758 crebra
892 2701 977 2756 sunt.
996 2688 1126 2753 Horum
1152 2684 1364 2754 institutores

296 2814 337 2860 ac
354 2793 504 2887 magistri
525 2792 651 2865 lanista
671 2795 887 2866 vocabantur.
906 2792 985 2862 Non
1006 2793 1093 2860 enirn
1115 2791 1225 2885 ignari
1239 2787 1366 2884 gladia·

295 2899 388 2967 toriae
405 2900 485 2969 artis
504 2901 685 2996 prodibant
702 2905 736 2970 in
763 2900 933 2997 publicum
956 2895 1197 2994 spectaculum,
1214 2894 1256 2964 ad
1279 2920 1366 2990 prae·

294 3004 361 3073 mia
380 3007 621 3102 consequenda.
642 3013 760 3103 Itaque
781 3007 869 3103 apud
891 3005 1025 3076 lanistas
1047 3005 1139 3099 prius
1162 3001 1366 3072 exerceban·
1465 3088 1467 3094 Α

293 3125 350 3180 tur
362 3113 395 3181 in
417 3113 648 3186 umbratilibus
662 3117 800 3210 pugnis,
813 3137 895 3208 quas
910 3111 1125 3182 sciamachias
1140 3111 1249 3179 Graeci
1263 3133 1365 3178 roca·

293 3233 400 3290 runt:
428 3218 520 3314 quod
545 3219 736 3314 hujusmodi
758 3244 880 3316 pugnae
901 3217 1080 3290 simulacra
1098 3215 1164 3286 sub-
1180 3229 1270 3284 tecto
1291 3214 1366 3283 fieri

294 3325 390 3395 solita
408 3340 521 3414 erant,
543 3351 612 3396 non
629 3342 667 3397 ut
688 3351 766 3396 vera
783 3349 916 3422 pugna,
931 3327 965 3394 iu
985 3323 1053 3394 sole
1073 3337 1108 3392 et
1127 3319 1275 3417 pulvere.
1292 3323 1365 3390 Hu-

293 3430 440 3524 jusmodi
460 3431 589 3503 lanistae
608 3449 687 3503 sunt
704 3433 794 3528 apud
813 3457 892 3518 nos,
914 3431 971 3524 qui
989 3429 1154 3526 gladiandi
1172 3441 1278 3496 artem
1295 3429 1368 3521 pri·

294 3540 396 3606 vatim
414 3539 631 3634 profitentur3
645 3541 703 3635 qui
716 3539 840 3608 docent
854 3562 969 3607 omnes
990 3559 1146 3606 numeros
1162 3533 1367 3630 impetendi,

296 3642 518 3739 cedendique,
537 3646 676 3716 vulnera
696 3645 878 3733 inferendi,
893 3642 1101 3736 vitandique,
1122 3656 1180 3710 aut
1196 3641 1254 3709 ubi
1278 3665 1366 3735 pun·

295 3751 376 3818 etim
392 3753 543 3820 caesimve
556 3752 752 3822 feriendum.
761 3751 849 3820 Ludi
861 3775 940 3820 vero
956 3749 1102 3834 Sceuici,
1112 3749 1170 3843 qui
1183 3761 1218 3816 et
1231 3749 1368 3842 Agonas

297 3856 418 3925 Musici
432 3869 466 3924 et
477 3858 666 3952 Dionysiaci
678 3858 890 3946 dicebantur,
902 3857 995 3950 quasi
1012 3853 1135 3924 Libero
1149 3853 1235 3948 patri
1251 3852 1366 3940 dicati,

240 4005 245 4024 .
297 3961 340 4029 ad
358 3960 625 4051 Comoediarum,
639 3964 904 4060 Tragoediarum,
922 3976 980 4033 aut
997 3962 1180 4031 Satirarum
1199 3960 1365 4030 recitatio·

298 4092 373 4137 nem
401 4068 628 4166 pertinebant3
647 4073 724 4143 item
748 4071 789 4142 ad
813 4083 978 4142 cantuset
999 4081 1174 4168 poemata:
1198 4089 1298 4138 scena
1321 4065 1367 4135 ob
