2890 4866
296 427 355 474 civ
452 405 670 474 DANIELIS
698 403 868 472 HEINSII
897 405 1206 472 DISSERTATIO.

298 551 332 606 et
351 537 488 631 accipit,
505 561 609 630 quum
627 535 725 618 dixit,
748 537 841 628 μῦθος
859 527 889 602 δ’
908 535 991 602 ἐστὶν
1008 533 1071 621 είς,
1088 541 1146 627 οὐχ
1165 541 1265 628 ὥσπερ
1287 538 1379 613 τινὲς

299 642 432 726 οἴονται,
445 641 496 710 ἐὰν
509 642 577 736 περὶ
591 645 643 710 ἕνα
656 641 688 735 ᾖ.
704 645 749 711 Et
759 643 830 736 ipse
842 642 1034 734 πολυμύθους
1045 666 1101 712 eos
1115 655 1228 727 vocat,
1243 644 1306 736 qui
1320 643 1380 710 vel

299 752 427 842 varias,
438 747 491 818 vel
507 774 581 844 quae
594 763 744 845 tempore
762 748 895 832 eodem,
909 749 952 818 ab
969 747 1049 836 alio,
1067 773 1135 818 non
1153 773 1239 828 uno,
1258 763 1298 816 et
1317 773 1379 817 eo-

300 857 375 925 dem
393 871 493 950 gestae
516 868 612 939 sunt,
633 855 851 950 conjungunt.
879 853 1026 950 Ideoque
1050 854 1207 924 Fabulam
1224 853 1381 948 eligere,

300 978 334 1032 et
347 962 486 1033 electam
500 976 590 1032 recte
608 986 648 1032 ac
664 962 780 1032 ordine
798 961 989 1055 disponere,
1010 975 1049 1032 ut
1063 964 1170 1056 prima
1187 963 1296 1030 virtus
1308 963 1380 1047 ,ita

301 1071 445 1161 primum
464 1069 710 1164 maximumque
731 1093 816 1163 opus
834 1082 892 1138 est.
911 1071 954 1137 In
973 1068 1213 1164 Amphitryone
1230 1091 1380 1136 manea-

299 1201 384 1246 mus.
402 1179 509 1263 Nam,
527 1189 564 1243 ut
581 1189 815 1270 argumentum
826 1173 892 1244 hoc
906 1176 1054 1270 accepit,
1068 1176 1114 1244 ita
1128 1177 1197 1270 ipse
1212 1199 1252 1243 ex
1267 1175 1378 1242 animi

301 1284 466 1352 sententia
485 1280 656 1376 disposuit.
675 1285 791 1371 Quare
807 1283 936 1377 potuit,
954 1296 993 1351 ut
1004 1280 1125 1370 voluit,
1140 1278 1242 1376 ligare
1260 1280 1379 1348 Fabu-

301 1389 368 1460 lam
384 1414 423 1458 ac
436 1389 574 1458 solvere.
589 1391 630 1457 In
643 1413 683 1458 ea
697 1390 798 1483 igitur
812 1388 924 1458 divina
936 1379 1018 1468 δέσις
1029 1413 1036 1456 :
1047 1389 1131 1458 mira
1142 1389 1229 1456 enim
1243 1389 1379 1455 ratione

303 1496 483 1591 impeditur
494 1495 619 1565 Fabula
632 1509 666 1564 et
676 1496 850 1565 intricatur
865 1495 963 1564 actio.
978 1498 1023 1564 At
1034 1496 1202 1580 transitio,
1215 1518 1293 1587 quae
1309 1519 1380 1562 uon

302 1617 354 1672 est
374 1603 514 1696 Tragica
533 1601 592 1671 sed
612 1603 751 1672 Comica
771 1595 965 1694 (presens
984 1603 1119 1672 vocavit
1141 1593 1380 1687 Aristoteles),

301 1733 382 1804 pars
395 1733 468 1802 quoe
482 1709 663 1804 opponitur
677 1720 716 1804 τῇ
732 1700 814 1776 lieu
825 1697 946 1802 (quam
962 1722 996 1778 et
1003 1710 1090 1776 λύσιν
1102 1732 1161 1778 seu
1173 1705 1381 1777 solutionem

303 1809 461 1904 vocant),
477 1839 519 1884 ex
533 1816 695 1885 sententia
710 1813 888 1884 succedere
903 1839 971 1884 nou
985 1817 1104 1909 potuit.
1118 1815 1252 1904 Quare,
1265 1815 1380 1908 impe-

305 1921 395 1991 ditus
417 1935 451 1992 et
467 1921 590 1992 oblitus
611 1925 678 2008 sui,
706 1923 754 1990 ire
776 1922 908 2016 cogitur
926 1920 969 1990 ad
984 1923 1117 2009 Deum;
1134 1920 1200 1990 hoc
1217 1934 1290 2006 est,
1315 1921 1381 1987 ἀπὸ

304 2032 443 2120 μηχανὴς
453 2027 563 2098 finire:
575 2027 671 2122 quod
679 2041 730 2097 est
738 2025 891 2098 ultimum
899 2026 1064 2122 refugium
1071 2029 1191 2114 Poetae,
1202 2051 1311 2122 quum
1321 2029 1381 2097 ahs

305 2127 400 2221 δίσιν,
418 2135 483 2206 hoc
497 2149 562 2223 est,
578 2133 720 2220 nodum,
733 2157 833 2227 quem
849 2131 964 2226 ligavit
986 2135 1072 2228 ipse,
1088 2131 1217 2203 solvere
1234 2158 1307 2203 non
1324 2158 1383 2227 po-

305 2254 371 2312 test
392 2257 426 2311 et
447 2266 517 2311 rem
546 2265 664 2337 parum
683 2239 821 2333 provide
840 2239 1005 2310 tractavit.
1025 2239 1113 2312 Nam
1134 2253 1281 2327 caeterae,
1305 2264 1382 2334 quae

305 2348 351 2418 ibi
372 2347 573 2418 adhibentur
592 2345 773 2433 machinae,
789 2345 832 2415 ad
854 2370 961 2416 scenae
982 2361 1015 2416 et
1034 2346 1182 2442 choragii
1200 2361 1381 2429 ornatum,

307 2455 359 2524 καὶ
369 2457 426 2529 τὴν
441 2451 531 2546 ὄψιν,
545 2467 583 2522 ut
592 2451 815 2548 Philosophus
831 2452 872 2521 de
888 2455 926 2522 iis
945 2451 1035 2548 loqui
1050 2452 1151 2537 solet,
1165 2453 1380 2522 reseruntur:

311 2560 409 2656 quale
436 2575 488 2630 est
507 2558 697 2644 brontium,
720 2574 755 2631 et
777 2560 1095 2657 ceraunoscopium,
1113 2583 1256 2653 quorum
1272 2558 1383 2629 altero

309 2667 351 2737 ad
368 2668 511 2755 tonitru,
525 2667 592 2737 hoc
610 2666 653 2736 ad
666 2665 792 2737 fulmen
804 2665 1074 2762 exprimendum,
1089 2668 1123 2735 in
1135 2666 1383 2761 Amphitryone

308 2797 393 2868 opus
414 2773 485 2844 fuit.
505 2775 619 2843 Finem
638 2797 738 2862 vero,
753 2797 826 2869 quae
843 2797 865 2842 a
882 2772 1055 2862 machina,
1072 2771 1237 2842 lubentius
1256 2775 1292 2841 iu
1303 2777 1385 2842 Tra·

310 2881 386 2974 gico
405 2905 505 2975 quam
528 2881 667 2950 Comico
693 2896 829 2950 excusat
854 2877 1066 2967 Aristoteles3
1088 2879 1165 2973 quia
1181 2895 1383 2974 argumento

308 2989 469 3082 Tragicus
494 2989 704 3083 astringitur,
732 2987 823 3082 quod
850 2987 979 3081 accipit
1003 2987 1216 3080 Quamquam
1236 3011 1281 3055 ne
1302 2986 1383 3056 huic

309 3094 444 3187 quidem
465 3117 539 3163 eam
557 3094 636 3164 fecit
653 3095 815 3188 gratiam,
829 3117 933 3187 quum
954 3092 1062 3188 inquit
1077 3119 1085 3161 ε
1099 3093 1232 3188 Φανερὸν
1250 3089 1317 3178 οὖν,
1331 3095 1383 3162 ὅτι

309 3200 432 3279 καὶτὰς
447 3203 546 3280 λύσεις
565 3211 627 3268 τῶν
647 3200 748 3294 μύθων
765 3193 798 3279 ἐξ
810 3203 907 3268 αὐτοῦ
928 3191 979 3268 δεῖ
990 3209 1045 3268 τοῦ
1065 3200 1160 3292 μύθου
1181 3193 1382 3293 capiciano,

310 3307 361 3376 καὶ
375 3309 437 3401 μή,
455 3312 556 3400 ὥσπερ
571 3309 601 3374 ἐν
617 3317 657 3402 τῇ
676 3299 817 3396 Μηδείᾳ,
837 3307 899 3376 ἀπὸ
918 3317 1076 3400 μηχανῆς,
1098 3305 1150 3375 καὶ
1167 3309 1197 3374 ἐν
1219 3317 1259 3400 τῇ
1278 3291 1383 3374 heah

312 3411 504 3508 olimpiade
522 3413 701 3483 dedalum:
721 3412 847 3482 idest:
866 3413 1081 3483 Manifestum
1099 3437 1179 3506 ergo
1196 3425 1261 3500 est,
1281 3414 1384 3483 etiam

311 3521 435 3592 exitum
453 3518 632 3607 Fabulae,e
648 3518 774 3589 Fabula
786 3521 857 3615 ipsa
872 3521 942 3616 peti
952 3518 1089 3607 dehere,
1099 3545 1169 3590 non
1183 3519 1385 3610 amachiua,

312 3629 395 3698 utin
410 3626 549 3712 Medea,
563 3641 622 3696 aut
636 3625 918 3721 quemadmodum
928 3626 962 3696 in
975 3625 1095 3716 Iliade,
1108 3627 1190 3696 iniis
1204 3649 1279 3721 quae
1295 3629 1386 3696 circa

312 3733 453 3804 reditum
464 3735 660 3804 Graecorum
674 3732 769 3802 fiunt.
779 3720 1070 3822 Medeam'autem,
1078 3758 1146 3803 non
1157 3732 1385 3828 Euripideam,

311 3840 369 3910 sed
392 3838 525 3910 alterius
547 3836 701 3934 intelligit
714 3841 833 3912 Poetae.
846 3841 941 3912 Idem
956 3856 991 3910 et
1004 3843 1178 3928 Horatius,
1196 3865 1215 3908 e
1231 3841 1385 3926 Pariano,

313 3946 431 4032 credo,
449 3946 691 4041 Neoptolemo,
708 3972 727 4015 e.
746 3971 813 4040 quo
829 3945 986 4043 pleraque
1008 3961 1174 4043 praecepta
1190 3971 1250 4018 sua
1268 3949 1303 4016 in
1319 3947 1384 4016 hoc

311 4055 434 4149 scripto
448 4053 573 4140 hausit,
592 4053 786 4147 fugiendum
805 4069 941 4124 monet:
