2892 4856
330 387 401 460 156
553 391 731 462 PUBLH
757 393 1005 464 TERENTII
1031 391 1153 461 AFRI

322 523 382 590 Pi.
395 519 554 615 Vigilabis
572 519 694 592 lassus:
712 524 777 593 boc
795 522 869 619 plus
887 522 998 593 facies.
1017 524 1081 592 Pu.
1099 521 1171 609 Ah,
1187 518 1267 590 nihil
1283 519 1370 606 dicis,

478 629 651 698 Parmeno.
738 689 753 709 ,

323 731 495 825 Ejiciunda
513 733 624 804 hercle
643 750 693 805 est
714 733 866 805 mollities
887 736 987 804 animi
1004 733 1124 805 :nimis
1144 758 1199 803 me
1218 730 1370 828 indulgeo.

321 835 469 907 Tandem
489 865 556 908 non
574 865 636 936 ego
654 839 709 910 ille
725 864 874 925 caream,
889 843 917 909 si
936 843 979 912 sit
996 866 1100 936 opus,
1118 839 1172 908 vel
1193 853 1297 909 totum
1314 841 1370 908 tri-

480 945 607 1015 duum?
623 951 682 1017 Pi.
702 943 783 1016 Hui!

322 1051 527 1120 Universum
546 1049 683 1123 triduml
709 1054 790 1124 Vide
807 1052 887 1147 quid
907 1076 994 1147 agas.
1010 1055 1074 1122 ΡΗ.
1092 1054 1167 1123 sut
1184 1051 1346 1121 sententia.

554 1279 1144 1371 scuNAsueUNDn

697 1493 967 1564 enumero

375 1707 435 1775 Pi.
461 1707 505 1774 Di
529 1702 624 1775 bonil
648 1705 740 1795 Quid
763 1706 828 1777 hoc
851 1707 958 1776 morbi
984 1702 1052 1776 est!
1081 1705 1209 1778 Adeon’
1232 1707 1371 1778 homines

479 1813 681 1882 immutarier
1339 1841 1370 1878 „s

321 1917 372 1985 Ex
396 1941 525 1999 amore,
544 1934 582 1989 ut
609 1944 677 1988 non
695 1942 875 2014 cognoscas
897 1918 1049 1990 eumdem
1071 1918 1163 1988 esse?
1184 1923 1256 1989 Hoc
1281 1943 1369 1988 nemo

478 2023 540 2094 fuit
1228 2039 1233 2046 '

322 2131 434 2200 Minus
452 2132 602 2227 ineptus,
618 2131 722 2227 magis
744 2156 877 2202 severus
893 2132 1082 2226 quisquam,
1102 2155 1165 2201 nec
1180 2131 1286 2226 magis
1302 2155 1369 2201 oon·

476 2252 592 2308 tineus.

322 2476 363 2487 -
383 2465 472 2517 usque,
507 2445 711 2514 indesinenter,
741 2459 772 2501 nt
796 2447 829 2500 eb
871 2477 913 2492 -
927 2447 971 2500 tua
984 2465 1019 2500 so.
1031 2445 1144 2502 Thaide.
1159 2446 1232 2501 Mete
1252 2449 1369 2516 iuterpre-

320 2543 410 2577 emore
423 2524 827 2597 distraher.-def‹uiger,Don.
872 2539 942 2580 tetur
969 2527 1065 2581 Perlet.
1088 2527 1136 2599 qui
1155 2543 1304 2598 pronomen
1326 2527 1368 2578 boe

322 2605 414 2658 west.
438 2605 563 2675 defatiger.
590 2605 715 2679 Sequitur
731 2606 827 2678 Velpy.
872 2618 948 2678 putet
959 2604 994 2660 de
1005 2607 1103 2660 mollitie
1115 2605 1178 2660 diei.

324 2715 364 2726 -
376 2687 496 2754 mgr-eriis.
517 2686 557 2739 Ite
568 2686 654 2738 solent
673 2687 780 2740 Terent.
803 2697 830 2739 et
914 2692 980 2749 ni.
996 2685 1136 2740 (summ
1152 2675 1209 2756 (ur.
1223 2681 1369 2744 vitm)

323 2763 450 2816 Plaut.1n
462 2765 508 2818 lib.
520 2765 611 2818 Bemb.
624 2763 827 2835 tegmemcodd.
873 2766 976 2818 triduum
991 2778 1041 2819 eto.
1053 2765 1140 2837 pergit
1150 2765 1249 2819 ementi
1259 2762 1369 2818 illudere.

325 2843 370 2894 ee.
381 2846 500 2913 ingratae.
509 2844 679 2913 -Iugmtiie
692 2845 828 2898 Ablativne
870 2846 973 2898 -vide
982 2847 1042 2917 quid
1049 2864 1118 2915 agar.
1127 2844 1170 2898 Sic
1178 2842 1280 2898 dieitur
1288 2860 1369 2914 magne

319 2919 504 2976 adverbialiter
516 2919 829 2996 positumdliquendoad·
871 2923 1091 2996 aggredientibus.
1118 2953 1159 2968 -
1179 2935 1230 2976 stat
1256 2927 1368 2976 umenti&

319 3001 502 3072 jungituruts,
514 3000 762 3074 etdieituringmrtts
771 3007 826 3056 mir.
870 3003 934 3058 Post
946 3005 1013 3067 heo,
1023 3002 1146 3058 Phaedria
1158 3001 1282 3058 dieoedir.

363 3099 427 3134 2²1.
450 3082 506 3134 Hoc
522 3101 558 3136 ee.
580 3083 697 3154 vigilere.
717 3084 828 3154 -plus
912 3083 978 3138 225.
994 3083 1064 3153 Quid
1077 3085 1120 3136 lter
1137 3083 1214 3134 morti
1230 3091 1291 3134 est?
1312 3099 1369 3152 pro,

319 3159 428 3232 iusuper
442 3173 538 3233 preter
555 3161 675 3216 laborem
689 3175 716 3215 et
733 3160 828 3215 defeti-
873 3163 935 3231 Quis
946 3163 985 3216 te
998 3163 1091 3216 mordeo
1101 3175 1144 3215 ese.
1162 3169 1289 3215 Amorem
1303 3169 1369 3213 voert

318 3240 458 3312 gerionem.
471 3271 512 3284 -
526 3242 588 3294 nibil
597 3242 674 3305 dicis,
688 3241 707 3294 i.
718 3261 741 3295 e.
754 3239 827 3314 quod
871 3241 1007 3296 morbum.

319 3317 394 3382 diois,
411 3321 509 3373 nullius
521 3332 560 3374 est
572 3321 709 3375 momenti.
912 3324 978 3374 πθ.
1000 3323 1043 3375 Ee
1067 3339 1163 3386 amore,
1188 3339 1247 3392 pru
1272 3337 1370 3382 umore,

362 3417 428 3455 err.
449 3401 589 3469 Ejiciuudo.
616 3401 676 3452 Duo
693 3400 826 3453 MssPer.
870 3413 980 3472 propter
997 3401 1305 3455 amorem-Eundem
1316 3417 1366 3450 esse.

320 3479 519 3551 eiciendo-Valp.
531 3481 608 3533 iente
620 3479 672 3532 bae
684 3492 727 3532 est.
738 3509 778 3522 -
787 3481 825 3531 ni·
870 3479 1090 3534 Notaeruedemed
1098 3479 1370 3534 dominareferriilem

320 3561 363 3612 mr'e
375 3579 420 3612 me.
436 3559 501 3613 Pell.
520 3561 578 3612 mili
584 3579 595 3622 ,·
608 3559 646 3612 sio
660 3577 766 3631 quoque
780 3560 826 3614 ur.
870 3577 945 3612 more
958 3579 1007 3614 eno
1022 3559 1163 3614 Terentius
1184 3578 1199 3613 e
1220 3559 1317 3630 plurali
1329 3575 1372 3609 nu·

318 3638 408 3692 Guell.
422 3658 447 3692 r.
462 3671 501 3682 -
515 3639 602 3693 Meris
616 3638 741 3704 Veteres,
753 3637 826 3708 quod
870 3657 945 3692 mero
960 3639 997 3694 ud
1011 3639 1170 3712 singularem
1191 3657 1219 3692 ee
1239 3636 1369 3692 convertit.

317 3737 367 3772 noe
382 3719 441 3770 milii
459 3717 584 3773 dicimus.
598 3717 670 3771 Alibi
684 3729 706 3769 te
716 3717 826 3789 induige-
870 3717 937 3770 Dor.
955 3751 995 3762 -
1008 3721 1052 3772 ioe
1067 3731 1140 3773 sexto
1157 3737 1237 3784 ων,
1257 3737 1293 3772 ec.
1307 3715 1370 3771 Pb!-

319 3797 389 3856 beet.
405 3798 558 3851 elidebant.
572 3799 642 3852 Don.
871 3795 939 3852 dria.

361 3876 426 3931 223.
460 3878 567 3930 Tandem
592 3896 641 3930 non
666 3895 720 3946 ego.
745 3875 823 3930 Both.
911 3877 1366 3950 227.Quisqm.oloaa13r.m:

323 3957 429 4009 Tandem
444 3976 479 4009 ue.
496 3957 586 4012 Gnell'.
599 3955 826 4026 ².Neutego.-
874 3983 885 4004 ι
900 3957 951 4010 Vel
972 3959 1109 4030 quidquem.
1138 3957 1240 4020 Certe,
1259 3953 1368 4008 nitidem

317 4036 422 4102 iubeto.
431 4037 591 4093 Exclemetio
600 4035 669 4094 servi
681 4033 825 4092 irridentis.
870 4035 999 4110 quidquam
1014 4057 1070 4093 non
1080 4037 1205 4094 convenit
1218 4029 1369 4108 prooedfflli
