2996 4852
423 357 600 426 llEllUT.
628 359 735 426 ACT.
764 357 798 440 l,
823 358 889 426 SC.
917 359 942 423 l.
1141 357 1215 430 323

154 495 242 562 Cun.
264 485 346 559 Hui!
362 503 433 586 tam
450 513 567 584 graves
582 489 662 576 hos,
673 486 804 583 quaeso?
819 489 915 558 Men.
939 489 992 558 Sic
1010 491 1163 560 meritum
1177 489 1217 560 'st

311 619 431 666 meum.

155 707 243 773 Con.
261 703 359 772 Nunc
375 702 521 797 loquere.
537 704 635 772 Mun.
648 701 765 772 Filium
783 703 919 770 unicum
936 701 1217 773 adolescentulum

157 810 283 880 Habeo.
296 809 366 898 Ah,
377 809 456 904 quid
475 809 560 895 dixi,
574 809 697 878 habere
715 803 785 877 niel
800 810 908 876 Immo
923 807 1041 892 habui,
1058 809 1213 881 Chreme.

155 917 251 987 Nunc
266 915 424 1000 habeam,
442 941 503 984 nec
518 939 577 996 ne,
596 915 759 985 incertum
772 913 822 984 ’st
834 916 923 984 Cnn.
942 913 1033 1004 Quid
1051 917 1096 985 ita
1111 915 1218 987 istuc?

312 1024 407 1094 ΜΕΝ.
425 1024 525 1092 Scies.
1190 1047 1217 1096 ss

155 1133 215 1200 Est
234 1155 252 1198 e
271 1129 433 1200 Corintho
453 1129 509 1198 hio
527 1128 654 1198 advena
670 1152 752 1197 anus
773 1126 995 1222 paupercula:

155 1238 236 1330 Ejus
254 1235 354 1306 liliam
373 1235 426 1304 ille
444 1259 556 1304 amare
573 1235 673 1329 coepit
690 1235 869 1329 virginem,

155 1345 263 1437 Prope
280 1343 350 1435 jam
373 1357 410 1411 ut
429 1367 491 1436 pro
512 1364 615 1412 uxore
635 1340 782 1410 haberet.
801 1343 881 1410 llaec
902 1340 986 1409 elom
1009 1360 1063 1410 me
1080 1342 1204 1410 omnin.

197 1575 244 1626 9²·
256 1555 310 1608 Hui
316 1563 326 1606 t
338 1565 386 1606 tem
400 1573 485 1626 grum
501 1555 559 1617 lios,
574 1571 663 1624 quaro.
748 1551 1217 1622 95.()uiditus‘stncr’AhestltaGuell.

155 1632 252 1688 Totam
272 1635 365 1707 supple
384 1635 558 1688 sententiam:
576 1632 663 1684 sllui!
711 1632 892 1700 2.-(tuidira
902 1636 982 1684 istuc?
997 1630 1134 1686 Curictud
1144 1631 1217 1704 quod

157 1715 258 1768 Siccine
282 1716 334 1768 fers
358 1725 411 1766 tnm
434 1731 525 1785 graves
549 1725 662 1774 nestros,
707 1709 774 1764 dicis
792 1711 828 1763 its
844 1724 894 1777 est,
913 1725 943 1766 ut
959 1730 1032 1764 nuuc
1048 1727 1103 1766 nou
1123 1713 1219 1765 huben

156 1793 282 1865 quieto?-
310 1793 415 1846 Scilicet
439 1793 581 1856 Chremes,
598 1789 664 1843 dum
707 1783 812 1842 lilium?

156 1875 251 1928 retinet
261 1871 464 1937 Menedemum,
478 1889 524 1924 sun
539 1871 596 1942 ipse
609 1889 665 1922 me·
749 1871 795 1936 96.
810 1869 877 1920 Este
890 1869 1006 1922 Corintho
1017 1871 1055 1920 lie
1067 1871 1122 1924 odo.
1132 1871 1218 1926 Habi-

155 1973 193 2006 nu
209 1953 335 2006 abstrahit
347 1953 372 2004 ei
383 1953 569 2013 instrumenta,
582 1962 609 2003 et
621 1948 665 2002 nd·
708 1961 745 2002 tot
762 1949 789 2000 in
806 1947 857 2000 huc
876 1949 942 2000 urhe
956 1950 1095 2020 peregriua
1115 1967 1147 2002 ex
1164 1953 1217 2005 Co·
1272 1986 1279 2004 t

156 2033 269 2086 miratur
280 2029 399 2102 pondera
410 2043 553 2084 rostrorum
568 2028 665 2099 quibus
707 2027 797 2080 rintho
812 2059 852 2069 —
867 2028 938 2080 Urbs
958 2027 1103 2104 Qorintlnus
1122 2024 1218 2096 (Pelo.

158 2129 237 2166 senex
260 2112 350 2164 utitur.
376 2142 416 2153 -
441 2109 482 2161 Sic
507 2112 614 2161 metitum
636 2108 666 2159 'st
707 2105 871 2178 ponnesi.ad
885 2107 1218 2182 Isthmumtinterlonium

158 2209 241 2243 mom.
257 2191 352 2254 Pena,
364 2207 417 2260 qun
431 2187 527 2259 dignus
538 2207 615 2253 sum,
628 2187 665 2240 sio
707 2200 734 2239 et
746 2189 862 2257 AEgreum
875 2203 963 2250 more,
979 2183 1042 2238 hod.
1059 2187 1176 2241 comto
1189 2205 1217 2245 et

158 2270 280 2340 postulat.
710 2267 835 2329 Cornuto,
850 2265 946 2317 Tuscis
963 2262 1073 2328 Gemma)
1084 2267 1157 2336 quasi
1172 2287 1217 2323 co·

199 2351 235 2420 93
246 2387 253 2414 ,
266 2355 318 2419 94,
332 2367 372 2419 sq.
383 2347 472 2412 Nune,
482 2365 564 2419 quum
576 2359 602 2399 te
614 2346 665 2399 iui-
706 2346 789 2398 lonins
802 2344 967 2398 meretricum
982 2345 1052 2398 misit
1064 2347 1180 2400 Athenas
1190 2363 1218 2404 et

158 2449 212 2500 quo
225 2428 336 2482 liberavi
350 2423 483 2498 pondere,
497 2440 523 2480 et
539 2425 583 2480 lrio
597 2425 665 2480 reti·
708 2426 768 2477 clio.
785 2423 986 2477 Wun--viu
999 2425 1096 2495 Hecyr.
1114 2445 1151 2480 vs.
1164 2429 1216 2482 86:

158 2509 324 2572 nui—Al,
335 2507 396 2579 quid
404 2507 465 2559 dict.
476 2508 527 2559 llo.
536 2505 609 2577 Lips.
620 2507 664 2558 Be.
707 2503 778 2558 Add.
787 2504 896 2559 Luciun.
909 2503 936 2556 in
946 2495 1074 2576 Ἑταίραις,
1085 2505 1132 2559 ubi
1143 2507 1213 2562 vide.

158 2589 249 2642 Guelf.
264 2589 298 2654 3,
312 2586 363 2640 Ed.
375 2587 455 2657 prim.
465 2585 543 2640 Both.
557 2587 595 2639 Ae
609 2586 668 2657 quid
707 2586 774 2638 Perl.

159 2669 219 2722 deici.
235 2665 379 2722 tmttodt.
393 2667 510 2738 Atpuod
523 2665 548 2718 d.
562 2663 664 2717 -Εᾶ,
748 2684 796 2734 97.
822 2665 913 2717 Amore
937 2667 1007 2732 eupit
1024 2668 1150 2734 uirgineis.
1171 2667 1215 2721 Sic

158 2749 244 2819 prima
251 2767 306 2803 uon
314 2746 431 2818 agnoscit
440 2749 519 2799 immo.
528 2744 666 2798 -Ftttm
709 2744 796 2798 Grai.
810 2741 844 2798 G.
857 2763 893 2797 m.
904 2744 947 2798 Br.
960 2743 1029 2796 Perl.
1040 2745 1158 2798 Omnino
1169 2748 1215 2800 nli·

159 2832 253 2880 moon
272 2828 392 2892 adolete,
404 2838 452 2880 ete.
471 2825 593 2880 Narratio
609 2824 666 2878 heo
708 2835 747 2876 ter
758 2823 823 2877 Ge
836 2825 895 2895 Bip.
907 2825 935 2876 Z.
947 2823 1026 2876 Both.
1034 2824 1112 2896 Velp.
1123 2826 1214 2881 Amare

159 2907 237 2977 plene
247 2907 377 2960 consentit
387 2919 558 2976 argumen103
567 2903 665 2958 etenim
708 2907 777 2973 cupit
785 2905 886 2974 perdite.
901 2903 1045 2969 Nonnulli,
1057 2903 1149 2960 Brund.
1162 2905 1214 2962 Ed.

161 2999 240 3056 poete
251 2987 384 3056 specimen
394 2986 444 3037 viri
456 3004 483 3038 se
493 2984 667 3038 excruciantis
708 2985 787 3036 Tarv.
804 2981 876 3036 Med.
892 2995 1049 3054 utrumqne,
1058 2986 1152 3054 perdite
1163 2991 1215 3039 oir-

161 3064 427 3215 tttffit‘zltllf
435 3064 665 3214 liiulssiqie
706 3082 813 3196 liii.
834 3063 1216 3215 ciitiiiiiimfss

161 3223 324 3278 desiderium
344 3236 370 3276 et
393 3219 512 3276 dolorem
538 3221 665 3276 inilicunt.
707 3221 843 3276 honestius
857 3240 936 3294 quem
954 3221 975 3275 si
991 3220 1097 3276 dixisset
1113 3223 1215 3296 simpli·

162 3306 267 3369 From,
281 3316 308 3357 et
330 3305 440 3365 oricum,
458 3315 484 3354 et
505 3301 665 3354 αᾰοὶεισεηηι·
708 3302 773 3355 citer
787 3301 883 3372 filiam,
904 3315 931 3354 et
950 3302 1018 3354 tollit
1039 3302 1212 3372 suspicionem

161 3386 225 3448 lun,
246 3383 319 3456 quod
336 3381 467 3436 felicitatis
485 3394 555 3447 erat,
574 3381 665 3445 liabeo,
707 3381 768 3434 vitre
780 3381 940 3434 meretricie.

162 3464 211 3518 nisi
220 3465 343 3521 παθητικὴ
355 3463 515 3532 iruuiploote
527 3460 554 3514 in
563 3473 666 3514 contru-
750 3465 795 3530 98.
814 3463 894 3532 Prope
902 3461 956 3529 jum
971 3472 997 3510 ut
1010 3477 1056 3529 pro
1073 3479 1145 3512 onore
1158 3463 1214 3516 tab.

162 3540 430 3614 riumverteretquod
439 3540 541 3594 dictum
548 3553 599 3606 θεῖς
609 3541 666 3593 At!
709 3539 783 3593 Adeo
795 3554 824 3594 ut
835 3541 891 3594 lere
902 3541 955 3610 jum
969 3538 1031 3591 hab.
1042 3557 1099 3590 eum
1110 3559 1159 3609 pro
1170 3561 1215 3596 ux.

163 3625 221 3694 quid
240 3625 293 3676 diri
317 3624 401 3676 lubere
420 3627 471 3674 nse!
491 3622 589 3690 Auperi
609 3621 666 3673 vult
709 3653 749 3662 -
769 3623 807 3673 De
829 3620 880 3672 lroo
903 3619 938 3671 cf.
958 3615 1041 3670 Andr.
1063 3623 1133 3682 146,
1155 3639 1215 3693 peg.

162 3703 239 3756 slolor
248 3715 357 3757 tractatu
368 3701 575 3766 vulnerisiimruo
584 3699 665 3752 lolem
713 3719 747 3769 ²7
757 3719 765 3764 ;
777 3700 825 3752 uhi
839 3699 901 3752 item
915 3711 953 3750 est
966 3695 1057 3750 odioso
1072 3699 1141 3767 putri
1152 3719 1217 3754 eon·

164 3782 279 3848 Cluerue;
298 3774 339 3852 (et
358 3782 483 3834 miserum
500 3781 611 3834 verbum
630 3791 667 3836 eet
711 3778 823 3832 suetudo
843 3797 903 3830 cum
918 3775 1066 3849 peregrina.
1083 3777 1135 3832 Setl
1151 3781 1220 3835 bene

163 3863 287 3926 imbuisse,
304 3862 382 3914 nteit
396 3862 480 3914 Pleut
494 3859 564 3914 ttcd.
576 3861 613 3926 V,
630 3878 667 3922 tt,
711 3860 833 3912 observat
839 3858 970 3910 Boeclerus
979 3869 1127 3910 accuratam
1136 3875 1220 3930 poeta

164 3933 223 4010 34).
239 3941 419 3996 Neesufficit:
434 3941 603 3994 metretam
615 3959 668 3992 nee·
711 3939 794 3992 nostri
815 3936 981 3990 industrium.
1002 3936 1145 4008 Nunquam
1168 3941 1220 3994 hoo

164 4027 368 4075 mincereumest.
384 4020 461 4072 Boecl.
713 4037 808 4088 genere
821 4015 947 4088 loquendi
960 4018 1059 4082 utimr,
1071 4019 1123 4074 nisi
1133 4017 1167 4074 tle
1176 4039 1220 4088 es,

970 4121 1031 4196 αι’
