<?xml version="1.0" encoding="UTF-8"?>
<!DOCTYPE html PUBLIC "-//W3C//DTD XHTML 1.0 Transitional//EN"
    "http://www.w3.org/TR/xhtml1/DTD/xhtml1-transitional.dtd">
<html xmlns="http://www.w3.org/1999/xhtml" xml:lang="en" lang="en">
 <head>
  <title>
</title>
<meta http-equiv="Content-Type" content="text/html;charset=utf-8" />
  <meta name='ocr-system' content='tesseract 3.04.00' />
  <meta name='ocr-capabilities' content='ocr_page ocr_carea ocr_par ocr_line ocrx_word'/>
</head>
<body>
  <div class='ocr_page' id='page_1' title='image "./publiiterentiia04lemagoog_0122.png"; bbox 0 0 2926 4858; ppageno 0'>
   <div class='ocr_carea' id='block_1_1' title="bbox 275 365 1186 441">
    <p class='ocr_par' dir='ltr' id='par_1_1' title="bbox 275 365 1186 441">
     <span class='ocr_line' id='line_1_1' title="bbox 275 365 1186 441; baseline -0.008 0"><span class='ocrx_word' id='word_1_1' title='bbox 275 395 347 441; x_wconf 86' lang='lat' dir='ltr'>cxrr</span> <span class='ocrx_word' id='word_1_2' title='bbox 434 369 651 438; x_wconf 85' lang='lat' dir='ltr'><strong>DANIELIS</strong></span> <span class='ocrx_word' id='word_1_3' title='bbox 677 365 851 436; x_wconf 89' lang='lat' dir='ltr'><strong>HEINSII</strong></span> <span class='ocrx_word' id='word_1_4' title='bbox 879 368 1186 437; x_wconf 80' lang='lat' dir='ltr'>DlssEttTn&#39;rlo.</span> 
     </span>
    </p>
   </div>
   <div class='ocr_carea' id='block_1_2' title="bbox 160 496 1414 1436">
    <p class='ocr_par' dir='ltr' id='par_1_2' title="bbox 274 496 1352 702">
     <span class='ocr_line' id='line_1_2' title="bbox 275 496 1352 598; baseline -0.001 -29"><span class='ocrx_word' id='word_1_5' title='bbox 275 496 340 598; x_wconf 84' lang='grc' dir='ltr'>θρῳ</span> <span class='ocrx_word' id='word_1_6' title='bbox 359 499 394 570; x_wconf 76' lang='grc' dir='ltr'>ἂν</span> <span class='ocrx_word' id='word_1_7' title='bbox 416 501 509 595; x_wconf 73' lang='grc' dir='ltr'>μυρία</span> <span class='ocrx_word' id='word_1_8' title='bbox 530 505 625 594; x_wconf 81' lang='grc' dir='ltr'>εὕροις</span> <span class='ocrx_word' id='word_1_9' title='bbox 647 509 781 569; x_wconf 81' lang='grc' dir='ltr'>τοιαῦτα</span> <span class='ocrx_word' id='word_1_10' title='bbox 802 499 855 566; x_wconf 82' lang='grc' dir='ltr'>καὶ</span> <span class='ocrx_word' id='word_1_11' title='bbox 873 507 1017 594; x_wconf 79' lang='grc' dir='ltr'>γυναῖκας</span> <span class='ocrx_word' id='word_1_12' title='bbox 1033 503 1195 594; x_wconf 79' lang='grc' dir='ltr'>λεγούσας,</span> <span class='ocrx_word' id='word_1_13' title='bbox 1212 499 1264 567; x_wconf 84' lang='grc' dir='ltr'>καὶ</span> <span class='ocrx_word' id='word_1_14' title='bbox 1283 526 1352 568; x_wconf 89' lang='grc' dir='ltr'>νεα-</span> 
     </span>
     <span class='ocr_line' id='line_1_3' title="bbox 274 605 1352 702; baseline -0.003 -25"><span class='ocrx_word' id='word_1_15' title='bbox 274 611 392 687; x_wconf 83' lang='grc' dir='ltr'>νίσκους</span> <span class='ocrx_word' id='word_1_16' title='bbox 409 611 561 702; x_wconf 81' lang='grc' dir='ltr'>ἐρῶντας,</span> <span class='ocrx_word' id='word_1_17' title='bbox 586 606 637 674; x_wconf 82' lang='grc' dir='ltr'>καὶ</span> <span class='ocrx_word' id='word_1_18' title='bbox 658 605 838 700; x_wconf 74' lang='grc' dir='ltr'>μαγείρους,</span> <span class='ocrx_word' id='word_1_19' title='bbox 856 605 909 673; x_wconf 81' lang='grc' dir='ltr'>καὶ</span> <span class='ocrx_word' id='word_1_20' title='bbox 928 605 1091 695; x_wconf 83' lang='grc' dir='ltr'>παρθένους</span> <span class='ocrx_word' id='word_1_21' title='bbox 1117 607 1352 699; x_wconf 74' lang='grc' dir='ltr'>θρυπτομένας,</span> 
     </span>
    </p>

    <p class='ocr_par' dir='ltr' id='par_1_3' title="bbox 233 705 1414 1218">
     <span class='ocr_line' id='line_1_4' title="bbox 233 705 1353 808; baseline -0.004 -24"><span class='ocrx_word' id='word_1_22' title='bbox 233 789 235 795; x_wconf 19' lang='lat' dir='ltr'><em>A</em></span> <span class='ocrx_word' id='word_1_23' title='bbox 275 715 329 784; x_wconf 82' lang='grc' dir='ltr'>κἀί</span> <span class='ocrx_word' id='word_1_24' title='bbox 347 742 432 792; x_wconf 75' lang='grc' dir='ltr'>τινας</span> <span class='ocrx_word' id='word_1_25' title='bbox 453 712 565 794; x_wconf 74' lang='grc' dir='ltr'>ἄλλους</span> <span class='ocrx_word' id='word_1_26' title='bbox 579 739 586 754; x_wconf 91' lang='grc'><em>·</em></span> <span class='ocrx_word' id='word_1_27' title='bbox 602 718 680 792; x_wconf 83' lang='grc' dir='ltr'>ὅλως</span> <span class='ocrx_word' id='word_1_28' title='bbox 696 737 732 781; x_wconf 81' lang='grc' dir='ltr'>τε</span> <span class='ocrx_word' id='word_1_29' title='bbox 757 705 811 780; x_wconf 83' lang='grc' dir='ltr'>θιαὶ</span> <span class='ocrx_word' id='word_1_30' title='bbox 833 713 870 780; x_wconf 84' lang='grc' dir='ltr'>τὸ</span> <span class='ocrx_word' id='word_1_31' title='bbox 889 713 1073 779; x_wconf 79' lang='grc' dir='ltr'>ὑποπίπτειν</span> <span class='ocrx_word' id='word_1_32' title='bbox 1091 721 1137 800; x_wconf 81' lang='grc' dir='ltr'>τῷ</span> <span class='ocrx_word' id='word_1_33' title='bbox 1151 713 1245 800; x_wconf 78' lang='grc' dir='ltr'>ἠθικῷ</span> <span class='ocrx_word' id='word_1_34' title='bbox 1264 713 1353 808; x_wconf 78' lang='grc' dir='ltr'>λόγῳ</span> 
     </span>
     <span class='ocr_line' id='line_1_5' title="bbox 275 816 1355 914; baseline -0.006 -24"><span class='ocrx_word' id='word_1_35' title='bbox 275 823 409 890; x_wconf 78' lang='grc' dir='ltr'>καὶτῶν</span> <span class='ocrx_word' id='word_1_36' title='bbox 433 821 558 914; x_wconf 84' lang='grc' dir='ltr'>ὁμοίων,</span> <span class='ocrx_word' id='word_1_37' title='bbox 583 818 688 886; x_wconf 84' lang='grc' dir='ltr'>ταυτοί</span> <span class='ocrx_word' id='word_1_38' title='bbox 718 845 752 913; x_wconf 84' lang='grc' dir='ltr'>γε</span> <span class='ocrx_word' id='word_1_39' title='bbox 775 819 898 905; x_wconf 78' lang='grc' dir='ltr'>πάντα,</span> <span class='ocrx_word' id='word_1_40' title='bbox 922 816 941 892; x_wconf 78' lang='lat' dir='ltr'>ii</span> <span class='ocrx_word' id='word_1_41' title='bbox 970 818 1047 912; x_wconf 80' lang='grc' dir='ltr'>τάγε</span> <span class='ocrx_word' id='word_1_42' title='bbox 1073 825 1205 886; x_wconf 83' lang='grc' dir='ltr'>πλεῖστοι</span> <span class='ocrx_word' id='word_1_43' title='bbox 1225 821 1355 903; x_wconf 77' lang='grc' dir='ltr'>αὐτῶν,</span> 
     </span>
     <span class='ocr_line' id='line_1_6' title="bbox 275 917 1354 1021; baseline 0 -26"><span class='ocrx_word' id='word_1_44' title='bbox 275 927 450 996; x_wconf 79' lang='grc' dir='ltr'>ὑποκεῖσθαι</span> <span class='ocrx_word' id='word_1_45' title='bbox 479 937 521 1021; x_wconf 78' lang='grc' dir='ltr'>τῇ</span> <span class='ocrx_word' id='word_1_46' title='bbox 552 926 678 1018; x_wconf 79' lang='grc' dir='ltr'>ἀφελείᾳ</span> <span class='ocrx_word' id='word_1_47' title='bbox 709 917 768 992; x_wconf 80' lang='grc' dir='ltr'>δεῖ.</span> <span class='ocrx_word' id='word_1_48' title='bbox 800 923 1094 1013; x_wconf 81' lang='lat' dir='ltr'>Quemadmodum</span> <span class='ocrx_word' id='word_1_49' title='bbox 1124 927 1354 1020; x_wconf 78' lang='lat' dir='ltr'>Hieronymus</span> 
     </span>
     <span class='ocr_line' id='line_1_7' title="bbox 274 1032 1414 1126; baseline -0.007 -24"><span class='ocrx_word' id='word_1_50' title='bbox 274 1033 497 1104; x_wconf 84' lang='lat' dir='ltr'>Menandrum</span> <span class='ocrx_word' id='word_1_51' title='bbox 514 1050 547 1100; x_wconf 88' lang='lat' dir='ltr'>ct</span> <span class='ocrx_word' id='word_1_52' title='bbox 559 1033 753 1102; x_wconf 84' lang='lat' dir='ltr'>Terentium</span> <span class='ocrx_word' id='word_1_53' title='bbox 771 1055 848 1100; x_wconf 88' lang='lat' dir='ltr'>cum</span> <span class='ocrx_word' id='word_1_54' title='bbox 864 1032 1009 1100; x_wconf 84' lang='lat' dir='ltr'>maximo</span> <span class='ocrx_word' id='word_1_55' title='bbox 1023 1032 1148 1125; x_wconf 89' lang='lat' dir='ltr'>judicio</span> <span class='ocrx_word' id='word_1_56' title='bbox 1164 1033 1353 1126; x_wconf 73' lang='lat' dir='ltr'>conjungit</span> <span class='ocrx_word' id='word_1_57' title='bbox 1410 1088 1414 1094; x_wconf 92' lang='lat'>.</span> 
     </span>
     <span class='ocr_line' id='line_1_8' title="bbox 274 1135 1352 1218; baseline -0.005 -8"><span class='ocrx_word' id='word_1_58' title='bbox 274 1142 326 1210; x_wconf 84' lang='lat' dir='ltr'>Ad</span> <span class='ocrx_word' id='word_1_59' title='bbox 342 1138 518 1211; x_wconf 89' lang='lat' dir='ltr'>Paulinum</span> <span class='ocrx_word' id='word_1_60' title='bbox 536 1140 624 1208; x_wconf 90' lang='lat' dir='ltr'>enim</span> <span class='ocrx_word' id='word_1_61' title='bbox 641 1155 650 1203; x_wconf 74' lang='grc' dir='ltr'>ε</span> <span class='ocrx_word' id='word_1_62' title='bbox 676 1141 820 1207; x_wconf 69' lang='lat' dir='ltr'>«Poetae</span> <span class='ocrx_word' id='word_1_63' title='bbox 838 1135 1036 1206; x_wconf 83' lang='lat' dir='ltr'>aemulentur</span> <span class='ocrx_word' id='word_1_64' title='bbox 1052 1141 1256 1218; x_wconf 89' lang='lat' dir='ltr'>Homerum,</span> <span class='ocrx_word' id='word_1_65' title='bbox 1272 1139 1352 1208; x_wconf 88' lang='lat' dir='ltr'>Vir-</span> 
     </span>
    </p>

    <p class='ocr_par' dir='ltr' id='par_1_4' title="bbox 160 1243 1353 1436">
     <span class='ocr_line' id='line_1_9' title="bbox 160 1243 1353 1343; baseline -0.005 -26"><span class='ocrx_word' id='word_1_66' title='bbox 160 1295 167 1308; x_wconf 70' lang='lat'><em>,</em></span> <span class='ocrx_word' id='word_1_67' title='bbox 271 1247 407 1343; x_wconf 79' lang='lat' dir='ltr'>gilium,</span> <span class='ocrx_word' id='word_1_68' title='bbox 420 1243 661 1333; x_wconf 83' lang='lat' dir='ltr'>Menandrum,</span> <span class='ocrx_word' id='word_1_69' title='bbox 676 1245 913 1314; x_wconf 81' lang='lat' dir='ltr'>Terentium.»</span> <span class='ocrx_word' id='word_1_70' title='bbox 933 1243 1022 1312; x_wconf 85' lang='lat' dir='ltr'>Audi</span> <span class='ocrx_word' id='word_1_71' title='bbox 1039 1245 1223 1314; x_wconf 90' lang='lat' dir='ltr'>orationem</span> <span class='ocrx_word' id='word_1_72' title='bbox 1243 1245 1353 1338; x_wconf 88' lang='lat' dir='ltr'>patris</span> 
     </span>
     <span class='ocr_line' id='line_1_10' title="bbox 272 1353 817 1436; baseline -0.007 -13"><span class='ocrx_word' id='word_1_73' title='bbox 272 1356 359 1424; x_wconf 90' lang='lat' dir='ltr'>irati.</span> <span class='ocrx_word' id='word_1_74' title='bbox 376 1356 496 1422; x_wconf 82' lang='lat' dir='ltr'>Heaut.</span> <span class='ocrx_word' id='word_1_75' title='bbox 515 1355 587 1422; x_wconf 88' lang='lat' dir='ltr'>Act.</span> <span class='ocrx_word' id='word_1_76' title='bbox 603 1375 637 1420; x_wconf 90' lang='grc' dir='ltr'>ν.</span> <span class='ocrx_word' id='word_1_77' title='bbox 657 1353 764 1422; x_wconf 86' lang='lat' dir='ltr'>Scena</span> <span class='ocrx_word' id='word_1_78' title='bbox 782 1354 817 1436; x_wconf 76' lang='lat'>4.</span> 
     </span>
    </p>
   </div>
   <div class='ocr_carea' id='block_1_3' title="bbox 350 1507 1354 1781">
    <p class='ocr_par' dir='ltr' id='par_1_5' title="bbox 350 1507 1354 1781">
     <span class='ocr_line' id='line_1_11' title="bbox 649 1507 1063 1586; baseline -0.007 -19"><span class='ocrx_word' id='word_1_79' title='bbox 649 1513 732 1580; x_wconf 89' lang='grc' dir='ltr'>Νοιι,</span> <span class='ocrx_word' id='word_1_80' title='bbox 748 1507 771 1566; x_wconf 91' lang='lat' dir='ltr'>si</span> <span class='ocrx_word' id='word_1_81' title='bbox 785 1527 820 1566; x_wconf 82' lang='lat' dir='ltr'>ex</span> <span class='ocrx_word' id='word_1_82' title='bbox 838 1507 933 1586; x_wconf 86' lang='lat' dir='ltr'>capite</span> <span class='ocrx_word' id='word_1_83' title='bbox 947 1507 986 1564; x_wconf 89' lang='lat' dir='ltr'>sis</span> <span class='ocrx_word' id='word_1_84' title='bbox 998 1526 1063 1564; x_wconf 87' lang='lat' dir='ltr'>meo</span> 
     </span>
     <span class='ocr_line' id='line_1_12' title="bbox 350 1603 1354 1680; baseline -0.003 -17"><span class='ocrx_word' id='word_1_85' title='bbox 350 1610 461 1680; x_wconf 87' lang='lat' dir='ltr'>Natus,</span> <span class='ocrx_word' id='word_1_86' title='bbox 474 1603 574 1662; x_wconf 91' lang='lat' dir='ltr'>itidem</span> <span class='ocrx_word' id='word_1_87' title='bbox 586 1617 619 1662; x_wconf 92' lang='lat' dir='ltr'>ut</span> <span class='ocrx_word' id='word_1_88' title='bbox 630 1606 712 1663; x_wconf 88' lang='lat' dir='ltr'>aiunt</span> <span class='ocrx_word' id='word_1_89' title='bbox 720 1605 883 1663; x_wconf 83' lang='lat' dir='ltr'>Minervam</span> <span class='ocrx_word' id='word_1_90' title='bbox 892 1624 955 1663; x_wconf 86' lang='lat' dir='ltr'>esse</span> <span class='ocrx_word' id='word_1_91' title='bbox 968 1608 1103 1674; x_wconf 73' lang='lat' dir='ltr'>exiere,</span> <span class='ocrx_word' id='word_1_92' title='bbox 1114 1622 1147 1660; x_wconf 85' lang='lat' dir='ltr'>ea</span> <span class='ocrx_word' id='word_1_93' title='bbox 1160 1621 1248 1660; x_wconf 87' lang='lat' dir='ltr'>causa</span> <span class='ocrx_word' id='word_1_94' title='bbox 1260 1603 1354 1680; x_wconf 82' lang='lat' dir='ltr'>magis</span> 
     </span>
     <span class='ocr_line' id='line_1_13' title="bbox 351 1699 1128 1781; baseline -0.004 -22"><span class='ocrx_word' id='word_1_95' title='bbox 351 1702 461 1776; x_wconf 85' lang='lat' dir='ltr'>Patiar,</span> <span class='ocrx_word' id='word_1_96' title='bbox 477 1701 624 1781; x_wconf 83' lang='lat' dir='ltr'>Clitipho,</span> <span class='ocrx_word' id='word_1_97' title='bbox 643 1699 759 1780; x_wconf 80' lang='lat' dir='ltr'>flagitiis</span> <span class='ocrx_word' id='word_1_98' title='bbox 774 1703 831 1760; x_wconf 86' lang='lat' dir='ltr'>tuis</span> <span class='ocrx_word' id='word_1_99' title='bbox 846 1721 891 1760; x_wconf 88' lang='lat' dir='ltr'>me</span> <span class='ocrx_word' id='word_1_100' title='bbox 906 1701 1041 1760; x_wconf 80' lang='lat' dir='ltr'>infamem</span> <span class='ocrx_word' id='word_1_101' title='bbox 1054 1699 1128 1757; x_wconf 86' lang='lat' dir='ltr'>lieri.</span> 
     </span>
    </p>
   </div>
   <div class='ocr_carea' id='block_1_4' title="bbox 271 1859 1246 1958">
    <p class='ocr_par' dir='ltr' id='par_1_6' title="bbox 271 1859 1246 1958">
     <span class='ocr_line' id='line_1_14' title="bbox 271 1859 1246 1958; baseline -0.006 -26"><span class='ocrx_word' id='word_1_102' title='bbox 271 1877 304 1932; x_wconf 91' lang='lat' dir='ltr'>et</span> <span class='ocrx_word' id='word_1_103' title='bbox 322 1887 396 1958; x_wconf 84' lang='lat' dir='ltr'>quae</span> <span class='ocrx_word' id='word_1_104' title='bbox 411 1876 604 1957; x_wconf 90' lang='lat' dir='ltr'>sequuntur.</span> <span class='ocrx_word' id='word_1_105' title='bbox 617 1862 704 1931; x_wconf 83' lang='lat' dir='ltr'>Audi</span> <span class='ocrx_word' id='word_1_106' title='bbox 720 1865 808 1932; x_wconf 86' lang='lat' dir='ltr'>mitis</span> <span class='ocrx_word' id='word_1_107' title='bbox 822 1863 885 1930; x_wconf 85' lang='lat' dir='ltr'>viri</span> <span class='ocrx_word' id='word_1_108' title='bbox 898 1863 1010 1955; x_wconf 86' lang='lat' dir='ltr'>potius</span> <span class='ocrx_word' id='word_1_109' title='bbox 1025 1883 1126 1954; x_wconf 89' lang='lat' dir='ltr'>quam</span> <span class='ocrx_word' id='word_1_110' title='bbox 1141 1859 1221 1928; x_wconf 89' lang='lat' dir='ltr'>boni</span> <span class='ocrx_word' id='word_1_111' title='bbox 1238 1885 1246 1926; x_wconf 92' lang='lat'><strong>:</strong></span> 
     </span>
    </p>
   </div>
   <div class='ocr_carea' id='block_1_5' title="bbox 348 2022 1234 2970">
    <p class='ocr_par' dir='ltr' id='par_1_7' title="bbox 351 2022 1078 2102">
     <span class='ocr_line' id='line_1_15' title="bbox 351 2022 1078 2102; baseline -0.006 -18"><span class='ocrx_word' id='word_1_112' title='bbox 351 2025 505 2097; x_wconf 77' lang='lat' dir='ltr'>Ausculta,</span> <span class='ocrx_word' id='word_1_113' title='bbox 519 2046 556 2083; x_wconf 89' lang='lat' dir='ltr'>ne</span> <span class='ocrx_word' id='word_1_114' title='bbox 570 2045 616 2084; x_wconf 89' lang='lat' dir='ltr'>me</span> <span class='ocrx_word' id='word_1_115' title='bbox 633 2023 780 2083; x_wconf 80' lang='lat' dir='ltr'>obtundas</span> <span class='ocrx_word' id='word_1_116' title='bbox 794 2023 830 2082; x_wconf 87' lang='lat' dir='ltr'>de</span> <span class='ocrx_word' id='word_1_117' title='bbox 849 2023 949 2082; x_wconf 86' lang='lat' dir='ltr'>haere</span> <span class='ocrx_word' id='word_1_118' title='bbox 965 2022 1078 2102; x_wconf 84' lang='lat' dir='ltr'>saepius.</span> 
     </span>
    </p>

    <p class='ocr_par' dir='ltr' id='par_1_8' title="bbox 353 2120 989 2200">
     <span class='ocr_line' id='line_1_16' title="bbox 353 2120 989 2200; baseline -0.006 -18"><span class='ocrx_word' id='word_1_119' title='bbox 353 2127 450 2182; x_wconf 88' lang='lat' dir='ltr'>Tuum</span> <span class='ocrx_word' id='word_1_120' title='bbox 466 2124 558 2181; x_wconf 82' lang='lat' dir='ltr'>lilium</span> <span class='ocrx_word' id='word_1_121' title='bbox 570 2123 676 2181; x_wconf 87' lang='lat' dir='ltr'>dedisti</span> <span class='ocrx_word' id='word_1_122' title='bbox 691 2121 891 2200; x_wconf 85' lang='lat' dir='ltr'>adoptandum</span> <span class='ocrx_word' id='word_1_123' title='bbox 908 2120 989 2178; x_wconf 88' lang='lat' dir='ltr'>mihi.</span> 
     </span>
    </p>

    <p class='ocr_par' dir='ltr' id='par_1_9' title="bbox 353 2219 1051 2296">
     <span class='ocr_line' id='line_1_17' title="bbox 353 2219 1051 2296; baseline -0.003 -20"><span class='ocrx_word' id='word_1_124' title='bbox 353 2225 381 2277; x_wconf 89' lang='lat' dir='ltr'>Is</span> <span class='ocrx_word' id='word_1_125' title='bbox 395 2236 477 2277; x_wconf 84' lang='lat' dir='ltr'>meus</span> <span class='ocrx_word' id='word_1_126' title='bbox 490 2231 533 2277; x_wconf 85' lang='lat' dir='ltr'>cst</span> <span class='ocrx_word' id='word_1_127' title='bbox 549 2221 651 2277; x_wconf 76' lang='lat' dir='ltr'>factus</span> <span class='ocrx_word' id='word_1_128' title='bbox 666 2219 696 2278; x_wconf 90' lang='lat' dir='ltr'>Si</span> <span class='ocrx_word' id='word_1_129' title='bbox 709 2219 780 2296; x_wconf 90' lang='lat' dir='ltr'>quid</span> <span class='ocrx_word' id='word_1_130' title='bbox 794 2232 895 2296; x_wconf 87' lang='lat' dir='ltr'>peccat</span> <span class='ocrx_word' id='word_1_131' title='bbox 903 2261 911 2290; x_wconf 94' lang='lat'>,</span> <span class='ocrx_word' id='word_1_132' title='bbox 926 2221 1051 2289; x_wconf 86' lang='lat' dir='ltr'>Demea,</span> 
     </span>
    </p>

    <p class='ocr_par' dir='ltr' id='par_1_10' title="bbox 351 2315 1108 2489">
     <span class='ocr_line' id='line_1_18' title="bbox 353 2315 1108 2392; baseline -0.004 -20"><span class='ocrx_word' id='word_1_133' title='bbox 353 2315 429 2372; x_wconf 85' lang='lat' dir='ltr'>Mihi</span> <span class='ocrx_word' id='word_1_134' title='bbox 443 2329 546 2392; x_wconf 88' lang='lat' dir='ltr'>peccat</span> <span class='ocrx_word' id='word_1_135' title='bbox 558 2338 564 2372; x_wconf 96' lang='lat'><strong>:</strong></span> <span class='ocrx_word' id='word_1_136' title='bbox 578 2335 632 2392; x_wconf 81' lang='lat' dir='ltr'>ego</span> <span class='ocrx_word' id='word_1_137' title='bbox 646 2317 688 2374; x_wconf 92' lang='lat' dir='ltr'>illi</span> <span class='ocrx_word' id='word_1_138' title='bbox 703 2335 867 2374; x_wconf 85' lang='lat' dir='ltr'>maxumam</span> <span class='ocrx_word' id='word_1_139' title='bbox 885 2326 994 2390; x_wconf 85' lang='lat' dir='ltr'>partem</span> <span class='ocrx_word' id='word_1_140' title='bbox 1010 2316 1108 2372; x_wconf 87' lang='lat' dir='ltr'>feram.</span> 
     </span>
     <span class='ocr_line' id='line_1_19' title="bbox 351 2409 1024 2489; baseline -0.006 -19"><span class='ocrx_word' id='word_1_141' title='bbox 351 2409 501 2470; x_wconf 86' lang='lat' dir='ltr'>Obsonat?</span> <span class='ocrx_word' id='word_1_142' title='bbox 516 2415 619 2489; x_wconf 80' lang='lat' dir='ltr'>potat?</span> <span class='ocrx_word' id='word_1_143' title='bbox 636 2412 696 2469; x_wconf 85' lang='lat' dir='ltr'>olet</span> <span class='ocrx_word' id='word_1_144' title='bbox 715 2413 884 2489; x_wconf 82' lang='lat' dir='ltr'>unguenta?</span> <span class='ocrx_word' id='word_1_145' title='bbox 898 2411 935 2469; x_wconf 88' lang='lat' dir='ltr'>dc</span> <span class='ocrx_word' id='word_1_146' title='bbox 949 2431 1024 2470; x_wconf 91' lang='lat' dir='ltr'>meo.</span> 
     </span>
    </p>

    <p class='ocr_par' dir='ltr' id='par_1_11' title="bbox 351 2505 1234 2678">
     <span class='ocr_line' id='line_1_20' title="bbox 351 2505 1234 2586; baseline -0.002 -21"><span class='ocrx_word' id='word_1_147' title='bbox 351 2511 455 2565; x_wconf 80' lang='lat' dir='ltr'>Amat?</span> <span class='ocrx_word' id='word_1_148' title='bbox 467 2505 614 2565; x_wconf 84' lang='lat' dir='ltr'>dabitura</span> <span class='ocrx_word' id='word_1_149' title='bbox 630 2527 675 2566; x_wconf 89' lang='lat' dir='ltr'>me</span> <span class='ocrx_word' id='word_1_150' title='bbox 694 2521 861 2586; x_wconf 81' lang='lat' dir='ltr'>argentum,</span> <span class='ocrx_word' id='word_1_151' title='bbox 876 2507 946 2566; x_wconf 91' lang='lat' dir='ltr'>dum</span> <span class='ocrx_word' id='word_1_152' title='bbox 961 2507 1016 2565; x_wconf 86' lang='lat' dir='ltr'>erit</span> <span class='ocrx_word' id='word_1_153' title='bbox 1028 2505 1213 2565; x_wconf 88' lang='lat' dir='ltr'>commodum</span> <span class='ocrx_word' id='word_1_154' title='bbox 1228 2531 1234 2562; x_wconf 92' lang='lat'><strong>:</strong></span> 
     </span>
     <span class='ocr_line' id='line_1_21' title="bbox 351 2604 996 2678; baseline 0.002 -14"><span class='ocrx_word' id='word_1_155' title='bbox 351 2604 411 2664; x_wconf 92' lang='lat' dir='ltr'>Ubi</span> <span class='ocrx_word' id='word_1_156' title='bbox 426 2626 484 2664; x_wconf 89' lang='lat' dir='ltr'>non</span> <span class='ocrx_word' id='word_1_157' title='bbox 499 2607 569 2678; x_wconf 83' lang='lat' dir='ltr'>erit,</span> <span class='ocrx_word' id='word_1_158' title='bbox 588 2608 709 2667; x_wconf 81' lang='lat' dir='ltr'>sortasse</span> <span class='ocrx_word' id='word_1_159' title='bbox 725 2608 897 2666; x_wconf 85' lang='lat' dir='ltr'>excludetur</span> <span class='ocrx_word' id='word_1_160' title='bbox 909 2608 996 2666; x_wconf 82' lang='lat' dir='ltr'>foras.</span> 
     </span>
    </p>

    <p class='ocr_par' dir='ltr' id='par_1_12' title="bbox 350 2703 944 2780">
     <span class='ocr_line' id='line_1_22' title="bbox 350 2703 944 2780; baseline 0.003 -20"><span class='ocrx_word' id='word_1_161' title='bbox 350 2707 440 2760; x_wconf 83' lang='lat' dir='ltr'>Fores</span> <span class='ocrx_word' id='word_1_162' title='bbox 454 2703 592 2780; x_wconf 78' lang='lat' dir='ltr'>effregit?</span> <span class='ocrx_word' id='word_1_163' title='bbox 607 2705 805 2764; x_wconf 85' lang='lat' dir='ltr'>restituentur.</span> <span class='ocrx_word' id='word_1_164' title='bbox 818 2703 944 2763; x_wconf 85' lang='lat' dir='ltr'>Discidit</span> 
     </span>
    </p>

    <p class='ocr_par' dir='ltr' id='par_1_13' title="bbox 348 2798 961 2878">
     <span class='ocr_line' id='line_1_23' title="bbox 348 2798 961 2878; baseline 0.003 -22"><span class='ocrx_word' id='word_1_165' title='bbox 348 2803 490 2857; x_wconf 80' lang='lat' dir='ltr'>Vestem?</span> <span class='ocrx_word' id='word_1_166' title='bbox 502 2801 686 2860; x_wconf 85' lang='lat' dir='ltr'>resarcietur.</span> <span class='ocrx_word' id='word_1_167' title='bbox 703 2807 770 2876; x_wconf 86' lang='lat' dir='ltr'>Est,</span> <span class='ocrx_word' id='word_1_168' title='bbox 787 2798 839 2860; x_wconf 82' lang='lat' dir='ltr'>Dis</span> <span class='ocrx_word' id='word_1_169' title='bbox 853 2802 961 2878; x_wconf 84' lang='lat' dir='ltr'>gratia,</span> 
     </span>
    </p>

    <p class='ocr_par' dir='ltr' id='par_1_14' title="bbox 349 2896 1098 2970">
     <span class='ocr_line' id='line_1_24' title="bbox 349 2896 1098 2970; baseline 0.001 -16"><span class='ocrx_word' id='word_1_170' title='bbox 349 2900 386 2954; x_wconf 87' lang='lat' dir='ltr'>Et</span> <span class='ocrx_word' id='word_1_171' title='bbox 399 2896 475 2954; x_wconf 89' lang='lat' dir='ltr'>unde</span> <span class='ocrx_word' id='word_1_172' title='bbox 490 2896 553 2955; x_wconf 86' lang='lat' dir='ltr'>haec</span> <span class='ocrx_word' id='word_1_173' title='bbox 564 2898 650 2970; x_wconf 84' lang='lat' dir='ltr'>liant,</span> <span class='ocrx_word' id='word_1_174' title='bbox 666 2913 696 2958; x_wconf 91' lang='lat' dir='ltr'>et</span> <span class='ocrx_word' id='word_1_175' title='bbox 709 2899 805 2958; x_wconf 89' lang='lat' dir='ltr'>adhue</span> <span class='ocrx_word' id='word_1_176' title='bbox 818 2918 878 2956; x_wconf 87' lang='lat' dir='ltr'>non</span> <span class='ocrx_word' id='word_1_177' title='bbox 889 2899 1010 2958; x_wconf 87' lang='lat' dir='ltr'>molesta</span> <span class='ocrx_word' id='word_1_178' title='bbox 1021 2910 1098 2958; x_wconf 87' lang='lat' dir='ltr'>sunt.</span> 
     </span>
    </p>
   </div>
   <div class='ocr_carea' id='block_1_6' title="bbox 271 3037 528 3108">
    <p class='ocr_par' dir='ltr' id='par_1_15' title="bbox 271 3037 528 3108">
     <span class='ocr_line' id='line_1_25' title="bbox 271 3037 528 3108; baseline -0.004 -1"><span class='ocrx_word' id='word_1_179' title='bbox 271 3037 528 3108; x_wconf 56' lang='lat' dir='ltr'>fflffimffi:</span> 
     </span>
    </p>
   </div>
   <div class='ocr_carea' id='block_1_7' title="bbox 349 3177 1168 3458">
    <p class='ocr_par' dir='ltr' id='par_1_16' title="bbox 349 3177 1168 3458">
     <span class='ocr_line' id='line_1_26' title="bbox 520 3177 1168 3268; baseline -0.005 -22"><span class='ocrx_word' id='word_1_180' title='bbox 520 3177 627 3246; x_wconf 42' lang='lat' dir='ltr'>&#39;Credo</span> <span class='ocrx_word' id='word_1_181' title='bbox 642 3188 740 3246; x_wconf 89' lang='lat' dir='ltr'>hercle</span> <span class='ocrx_word' id='word_1_182' title='bbox 749 3210 757 3245; x_wconf 86' lang='grc' dir='ltr'>ι</span> <span class='ocrx_word' id='word_1_183' title='bbox 766 3207 833 3247; x_wconf 86' lang='lat' dir='ltr'>nam</span> <span class='ocrx_word' id='word_1_184' title='bbox 844 3189 992 3268; x_wconf 78' lang='lat' dir='ltr'>ingenium</span> <span class='ocrx_word' id='word_1_185' title='bbox 1007 3189 1075 3246; x_wconf 90' lang='lat' dir='ltr'>novi</span> <span class='ocrx_word' id='word_1_186' title='bbox 1086 3201 1168 3245; x_wconf 86' lang='lat' dir='ltr'>tumn</span> 
     </span>
     <span class='ocr_line' id='line_1_27' title="bbox 349 3282 1112 3364; baseline -0.001 -22"><span class='ocrx_word' id='word_1_187' title='bbox 349 3282 494 3342; x_wconf 85' lang='lat' dir='ltr'>Liberale.</span> <span class='ocrx_word' id='word_1_188' title='bbox 509 3283 567 3342; x_wconf 88' lang='lat' dir='ltr'>Sed</span> <span class='ocrx_word' id='word_1_189' title='bbox 581 3304 685 3342; x_wconf 84' lang='lat' dir='ltr'>vereor</span> <span class='ocrx_word' id='word_1_190' title='bbox 698 3305 735 3344; x_wconf 92' lang='lat' dir='ltr'>ne</span> <span class='ocrx_word' id='word_1_191' title='bbox 746 3286 900 3364; x_wconf 77' lang='lat' dir='ltr'>indiligens</span> <span class='ocrx_word' id='word_1_192' title='bbox 912 3286 1033 3344; x_wconf 88' lang='lat' dir='ltr'>nimium</span> <span class='ocrx_word' id='word_1_193' title='bbox 1047 3285 1112 3343; x_wconf 81' lang='lat' dir='ltr'>sies.</span> 
     </span>
     <span class='ocr_line' id='line_1_28' title="bbox 349 3379 1045 3458; baseline 0.004 -21"><span class='ocrx_word' id='word_1_194' title='bbox 349 3383 455 3458; x_wconf 83' lang='lat' dir='ltr'>Inque</span> <span class='ocrx_word' id='word_1_195' title='bbox 471 3379 588 3439; x_wconf 89' lang='lat' dir='ltr'>civitate</span> <span class='ocrx_word' id='word_1_196' title='bbox 603 3380 718 3440; x_wconf 83' lang='lat' dir='ltr'>taudem</span> <span class='ocrx_word' id='word_1_197' title='bbox 733 3382 876 3442; x_wconf 81' lang='lat' dir='ltr'>arbitrare</span> <span class='ocrx_word' id='word_1_198' title='bbox 888 3397 915 3442; x_wconf 89' lang='lat' dir='ltr'>te</span> <span class='ocrx_word' id='word_1_199' title='bbox 929 3383 1045 3442; x_wconf 82' lang='lat' dir='ltr'>vivere?</span> 
     </span>
    </p>
   </div>
   <div class='ocr_carea' id='block_1_8' title="bbox 271 3539 1354 3744">
    <p class='ocr_par' dir='ltr' id='par_1_17' title="bbox 271 3539 1354 3744">
     <span class='ocr_line' id='line_1_29' title="bbox 271 3539 1354 3637; baseline 0.009 -33"><span class='ocrx_word' id='word_1_200' title='bbox 271 3539 316 3605; x_wconf 87' lang='lat' dir='ltr'>Et</span> <span class='ocrx_word' id='word_1_201' title='bbox 333 3563 405 3632; x_wconf 88' lang='lat' dir='ltr'>quae</span> <span class='ocrx_word' id='word_1_202' title='bbox 424 3541 494 3610; x_wconf 89' lang='lat' dir='ltr'>sine</span> <span class='ocrx_word' id='word_1_203' title='bbox 513 3555 608 3610; x_wconf 90' lang='lat' dir='ltr'>motu</span> <span class='ocrx_word' id='word_1_204' title='bbox 626 3543 727 3612; x_wconf 85' lang='lat' dir='ltr'>animi</span> <span class='ocrx_word' id='word_1_205' title='bbox 741 3557 774 3612; x_wconf 90' lang='lat' dir='ltr'>ct</span> <span class='ocrx_word' id='word_1_206' title='bbox 792 3545 986 3622; x_wconf 83' lang='lat' dir='ltr'>suavissima</span> <span class='ocrx_word' id='word_1_207' title='bbox 1002 3541 1176 3636; x_wconf 85' lang='lat' dir='ltr'>voluptate</span> <span class='ocrx_word' id='word_1_208' title='bbox 1194 3541 1259 3637; x_wconf 82' lang='lat' dir='ltr'>legi</span> <span class='ocrx_word' id='word_1_209' title='bbox 1279 3567 1354 3614; x_wconf 90' lang='lat' dir='ltr'>non</span> 
     </span>
     <span class='ocr_line' id='line_1_30' title="bbox 272 3650 582 3744; baseline 0.013 -33"><span class='ocrx_word' id='word_1_210' title='bbox 272 3661 411 3736; x_wconf 88' lang='lat' dir='ltr'>possunt</span> <span class='ocrx_word' id='word_1_211' title='bbox 429 3650 582 3744; x_wconf 87' lang='lat' dir='ltr'>Hecyra:</span> 
     </span>
    </p>
   </div>
   <div class='ocr_carea' id='block_1_9' title="bbox 338 3799 1253 4100">
    <p class='ocr_par' dir='ltr' id='par_1_18' title="bbox 338 3799 1253 4100">
     <span class='ocr_line' id='line_1_31' title="bbox 411 3799 1108 3884; baseline -0.001 -14"><span class='ocrx_word' id='word_1_212' title='bbox 411 3799 412 3804; x_wconf 7' lang='grc' dir='ltr'>ἵ</span> <span class='ocrx_word' id='word_1_213' title='bbox 484 3807 492 3813; x_wconf 72' lang='grc'><em>“</em></span> <span class='ocrx_word' id='word_1_214' title='bbox 529 3811 715 3884; x_wconf 77' lang='lat' dir='ltr'>Odiosabaec</span> <span class='ocrx_word' id='word_1_215' title='bbox 730 3826 773 3870; x_wconf 86' lang='lat' dir='ltr'>est</span> <span class='ocrx_word' id='word_1_216' title='bbox 784 3826 851 3872; x_wconf 86' lang='lat' dir='ltr'>aetas</span> <span class='ocrx_word' id='word_1_217' title='bbox 868 3811 1108 3872; x_wconf 86' lang='lat' dir='ltr'>adolescentulis:</span> 
     </span>
     <span class='ocr_line' id='line_1_32' title="bbox 349 3904 1253 3988; baseline 0.009 -28"><span class='ocrx_word' id='word_1_218' title='bbox 349 3905 372 3960; x_wconf 86' lang='lat' dir='ltr'>E</span> <span class='ocrx_word' id='word_1_219' title='bbox 388 3904 484 3962; x_wconf 89' lang='lat' dir='ltr'>medio</span> <span class='ocrx_word' id='word_1_220' title='bbox 498 3925 614 3985; x_wconf 85' lang='lat' dir='ltr'>aequum</span> <span class='ocrx_word' id='word_1_221' title='bbox 628 3909 769 3968; x_wconf 87' lang='lat' dir='ltr'>excedere</span> <span class='ocrx_word' id='word_1_222' title='bbox 784 3923 835 3968; x_wconf 89' lang='lat' dir='ltr'>est.</span> <span class='ocrx_word' id='word_1_223' title='bbox 850 3916 1001 3970; x_wconf 88' lang='lat' dir='ltr'>Postremo</span> <span class='ocrx_word' id='word_1_224' title='bbox 1009 3909 1070 3988; x_wconf 82' lang='lat' dir='ltr'>jam</span> <span class='ocrx_word' id='word_1_225' title='bbox 1085 3927 1138 3968; x_wconf 90' lang='lat' dir='ltr'>nos</span> <span class='ocrx_word' id='word_1_226' title='bbox 1153 3907 1253 3968; x_wconf 86' lang='lat' dir='ltr'>sabula</span> 
     </span>
     <span class='ocr_line' id='line_1_33' title="bbox 338 3997 1024 4100; baseline 0.015 -45"><span class='ocrx_word' id='word_1_227' title='bbox 338 3997 467 4100; x_wconf 65' lang='lat' dir='ltr'>¹Sumus,</span> <span class='ocrx_word' id='word_1_228' title='bbox 481 4003 646 4081; x_wconf 86' lang='lat' dir='ltr'>Pamphile,</span> <span class='ocrx_word' id='word_1_229' title='bbox 660 4025 747 4065; x_wconf 85' lang='lat' dir='ltr'>senex</span> <span class='ocrx_word' id='word_1_230' title='bbox 759 4019 846 4084; x_wconf 87' lang='lat' dir='ltr'>atque</span> <span class='ocrx_word' id='word_1_231' title='bbox 861 4025 941 4065; x_wconf 87' lang='lat' dir='ltr'>anns.</span> <span class='ocrx_word' id='word_1_232' title='bbox 1021 4033 1024 4040; x_wconf 62' lang='lat'><strong><em>⁴</em></strong></span> 
     </span>
    </p>
   </div>
   <div class='ocr_carea' id='block_1_10' title="bbox 0 0 1468 4858">
    <p class='ocr_par' dir='ltr' id='par_1_19' title="bbox 0 0 1468 4858">
     <span class='ocr_line' id='line_1_34' title="bbox 0 0 1468 4858; baseline 0 1"><span class='ocrx_word' id='word_1_233' title='bbox 0 0 1468 4858; x_wconf 95' lang='lat' dir='ltr'> </span> 
     </span>
    </p>
   </div>
  </div>
 </body>
</html>
