3000 4866
391 331 665 414 PRAEFATIO
692 346 931 414 PERLETI.
1115 372 1191 420 xvir

134 479 311 564 tenderem,
324 500 345 545 a
359 501 477 562 manu,
492 492 530 545 ut
547 477 697 570 suspicor
706 476 893 571 quidem‚J.
910 480 959 546 Μ.
981 480 1193 574 Heusingeri,

132 586 257 656 maximi
281 581 405 654 scholar
430 596 550 652 nostrae
576 581 743 677 quondam
766 586 976 672 omamenn,
1001 583 1190 681 adscriptas.

132 695 195 762 Nec
217 690 313 760 facile
329 688 402 758 fieri
420 691 544 782 potuit,
560 703 598 757 ut
618 690 804 759 Dacieriam
825 687 954 758 silentio
972 693 1192 785 praeterirem,

133 824 196 892 quae
216 795 337 866 mulier
354 797 442 864 inter
456 794 570 865 Gallos
590 793 780 866 doctissima
802 797 885 864 miro
901 797 1022 890 ingenii
1040 801 1192 869 acumine

133 929 250 975 morem
269 901 474 996 antiquitatis
487 901 659 996 indagaret
668 915 767 995 atquc
779 903 995 996 contingeret.
1008 904 1117 971 Etiam
1126 904 1192 975 hoc

132 1009 201 1096 feci,
216 1025 253 1079 ut
271 1007 404 1078 notulas
419 993 755 1102 Guelferbytanorum
773 1007 915 1076 maxime
926 1033 998 1102 quae
1008 1006 1191 1106 placerent,

131 1117 319 1211 ingererem.
348 1113 412 1184 Sed
437 1129 564 1184 ceteros
586 1117 704 1184 omitto
730 1128 1026 1202 commentatores,
1049 1138 1132 1209 quos
1158 1118 1192 1184 in

130 1222 306 1293 subsidium
323 1235 460 1290 vocatos
479 1219 607 1290 libellus
620 1223 690 1316 ipse
705 1245 797 1290 meus
816 1246 885 1292 non
898 1246 966 1290 uno
984 1219 1059 1290 loco
1077 1235 1191 1291 osten·

25 1405 26 1410 ἵ
130 1327 190 1398 det
204 1327 256 1397 Ne
268 1325 391 1417 multa,
404 1325 519 1396 silvam
529 1329 846 1422 commentationum
858 1327 1192 1422 observationemque

130 1433 269 1529 undique
283 1448 511 1529 comparatam
526 1435 691 1528 congessi,
705 1432 788 1503 adeo
796 1448 835 1502 ut
847 1432 1026 1503 lectoribus
1037 1485 1046 1514 ‚
1057 1448 1190 1529 meopte

125 1541 244 1634 judicio
263 1538 430 1610 interdum
450 1565 627 1635 suspenso,
643 1539 745 1610 libera
754 1555 856 1640 esset,
870 1539 948 1634 quid
963 1541 1081 1635 cuique
1102 1542 1191 1635 opti·

25 1647 28 1655 ’
127 1672 213 1716 mum
238 1647 420 1735 videretur,
441 1645 580 1742 eligendi
600 1659 756 1742 potestas.

173 1968 384 2035 Postremum
403 1980 481 2060 pcto
499 1965 540 2034 ab
563 1964 705 2051 lectore,
724 1978 777 2053 ut,
798 1967 825 2034 si
849 1963 1022 2033 utilitatem
1047 1963 1189 2059 aliquam

25 2095 26 2142 3
126 2095 161 2139 cx
180 2072 292 2167 opella
320 2095 396 2140 mea
417 2074 556 2165 ceperit,
580 2072 690 2142 faveat
710 2067 756 2139 illi
780 2070 940 2158 libenter3
964 2071 1015 2138 sin
1031 2093 1115 2140 vero
1138 2071 1189 2140 of·

25 2177 26 2242 f
126 2176 260 2249 fenderit
274 2179 424 2273 uspiam,
439 2177 474 2246 id
487 2179 573 2247 inter
586 2179 732 2248 humana
742 2188 910 2264 numeret,
922 2190 957 2244 et
967 2200 1061 2270 aequo
1078 2176 1189 2245 animo

126 2281 209 2353 ferat.

169 2496 364 2567 scribebam
385 2498 530 2584 Isenaci,
552 2495 688 2567 Calend.
709 2492 811 2590 April.
838 2517 869 2562 a.
897 2518 925 2563 c.
947 2493 1192 2565 MDCCCXX.

678 2795 711 2859 F.
729 2794 766 2862 C.
787 2794 831 2862 G.
851 2793 1012 2878 Peucen,

425 2925 430 2940 ¹
543 2926 722 3016 Gynrnnsir'
736 2927 951 2994 Isenacensr's
968 2922 1161 3014 Professor.
