3014 4860
428 401 746 471 saturier.
776 357 994 483 ruscssr.
1162 393 1236 482 405

174 534 345 630 Cognovi,
367 531 408 601 ad
430 546 462 602 te
488 532 611 604 exsilui.
630 535 718 604 Cau.
731 531 831 622 Quid
851 557 941 603 nunc
967 532 1153 626 suspicare,
1179 545 1238 601 aut

292 717 296 724 ,
332 662 459 708 invenis
546 669 552 704 a

172 749 226 816 De
238 742 320 816 illa?
334 747 431 815 Sosr.
449 745 586 834 Nescia
604 747 666 816 nisi
686 760 724 816 ut
742 758 782 815 ex'
798 746 870 840 ipsa
887 767 1030 838 qureras,
1043 744 1133 814 unde
1146 743 1237 814 hune

332 851 504 940 hahuerit,

170 960 204 1029 Si
225 957 313 1054 potis
331 971 382 1027 est
398 959 546 1054 reperiri.
568 960 650 1030 Sra.
675 952 808 1028 Interii!
826 955 914 1026 Plus·
926 959 996 1051 spei
1014 955 1111 1028 video
1134 981 1235 1051 quam

329 1063 416 1134 volo.
903 1133 906 1140 ,

169 1169 294 1240 Nostra
314 1183 383 1257 est,
399 1171 426 1240 si
443 1171 489 1240 ita
509 1185 567 1241 est.
590 1174 680 1241 Cfla.
695 1171 830 1241 Vivitne
849 1167 923 1256 illa,
938 1170 993 1238 cui
1015 1183 1052 1239 tu
1076 1168 1236 1240 dederas?

329 1277 425 1346 Sosr.
442 1275 575 1347 Nescio.
1196 1305 1236 1344 se..

167 1385 258 1462 Gna.
276 1381 368 1472 Quid
388 1384 590 1454 renuntiavit
606 1381 708 1453 olim?
730 1383 828 1454 Sosr.
847 1382 975 1452 Fecisse
997 1381 1031 1450 id
1049 1381 1140 1476 quod
1159 1381 1232 1474 jus·

326 1512 443 1559 seram.

167 1597 258 1666 Cura.
277 1593 409 1770 Nonppp
427 1594 572 1666 mulieris
592 1594 675 1666 cedo
693 1595 783 1690 quod
796 1597 858 1688 sit,
879 1609 916 1665 ut
935 1609 1109 1691 quaeratur.
1133 1595 1229 1664 Sosr.

326 1703 352 1770 P
377 1702 479 1770 itere.

164 1808 244 1890 Sra.
267 1810 345 1902 Ipsa
359 1820 418 1876 est.
432 1808 558 1877 Mirum
573 1809 609 1877 ni
627 1807 682 1878 illa
702 1807 794 1878 salva
807 1822 874 1894 est,
892 1821 926 1876 et
944 1831 1006 1902 ego
1024 1807 1118 1902 perii.
1139 1807 1229 1876 Cua.

323 1914 486 2001 Sostrate,

168 2147 262 2205 Bemb.
277 2149 310 2202 In
330 2151 412 2222 antiq.
426 2150 559 2204 Annuiurn.
573 2151 674 2204 Distin-
718 2149 752 2204 de
786 2147 890 2222 detegat
916 2149 1042 2216 Chremes
1070 2145 1230 2216 Bacchidem

162 2225 243 2298 g‘uere
251 2239 277 2282 et
285 2229 461 2294 italicet,milri
466 2229 534 2282 dedit
540 2230 672 2284 Aerarium.
718 2228 880 2300 Clitiphonis
891 2228 1002 2281 amicam
1016 2243 1079 2284 esse.

162 2307 222 2361 Non
240 2309 335 2362 adverti
342 2313 455 2380 prirnaun.
470 2308 586 2362 Maxime
598 2323 672 2374 tum,
758 2311 825 2362 660.
839 2307 870 2362 Si
883 2311 918 2360 ua
930 2321 975 2361 est.
992 2306 1148 2378 Disponitur
1160 2325 1228 2377 quo·
1264 2345 1267 2354 .

161 2385 246 2460 pirum
265 2388 359 2460 legeris
378 2389 521 2454 Annaliun,
542 2407 598 2441 uon
617 2393 673 2441 oni·
716 2406 785 2460 qne,
801 2394 836 2441 ita
846 2392 871 2440 si
882 2400 924 2442 est.
938 2419 980 2432 ..
994 2387 1088 2441 Narem
1103 2397 1148 2442 ert.
1164 2385 1228 2439 Haec

161 2486 234 2520 mum.
247 2469 317 2522 Perl.
715 2467 910 2525 adolescentula
922 2479 963 2521 est
977 2465 1012 2520 de
1020 2477 1109 2520 nostra
1119 2464 1228 2524 familia.

203 2546 269 2618 657.
300 2547 416 2618 Cogrrori.
443 2548 488 2601 ar.
515 2550 611 2618 agnovi.
632 2577 672 2588 -
715 2548 830 2612 -ltta,
851 2548 909 2600 suh.
927 2547 1023 2600 vetule.
1039 2575 1080 2588 -
1098 2545 1226 2610 Dedere,

161 2628 277 2692 Enitar,
287 2646 343 2681 non
352 2630 457 2690 arensi5
468 2633 581 2700 propter
589 2624 673 2682 maxi·
691 2681 697 2690 ,
714 2627 798 2682 filiam
813 2641 894 2684 tuam.

160 2724 233 2760 mam
253 2706 288 2760 de
303 2706 477 2762 inventalilia
491 2706 618 2762 letitiam.
631 2738 671 2749 —
755 2711 822 2762 661.
845 2707 941 2763 Fecisse
963 2705 991 2757 id
1013 2705 1079 2778 quod
1096 2707 1224 2774 jussarum.

162 2785 233 2855 (irrisi
251 2806 314 2839 nune
329 2793 461 2859 waere,
478 2799 522 2839 aut
538 2789 627 2840 invenis
641 2787 671 2838 de
714 2788 760 2841 ar.
774 2789 803 2841 rit
811 2788 899 2856 secisse
912 2785 1049 2844 Chremeti
1064 2784 1166 2838 tribuit.
1186 2786 1227 2838 Ita

160 2865 214 2919 iiia.
227 2864 303 2932 Quid
322 2866 434 2938 conjicis
449 2885 519 2934 esse,
534 2879 583 2921 aut
602 2865 670 2938 quid
713 2880 741 2920 et
750 2867 810 2939 Bip.
824 2865 922 2938 Delph.
937 2895 971 2914 ‹-
989 2865 1071 2932 olm,
1085 2877 1225 2937 postquam

159 2946 261 3018 reperis
267 2944 359 3000 indicii
366 2945 400 3000 de
406 2947 451 3000 ille
459 2944 671 3000 adolescentula?
714 2945 738 3000 ei
756 2944 867 3000 dederas
881 2946 964 3000 filiam
979 2943 1170 3016 exponendam.
1183 2975 1223 2986 -

166 3017 170 3030 ¹
201 3023 266 3078 658.
282 3026 339 3079 Nr'si
350 3039 383 3080 ut.
398 3027 457 3080 Lib.
471 3028 546 3081 Bem.
557 3045 612 3080 nou
625 3024 672 3080 ha·
714 3023 1225 3100 Feruseidquodjussemse.sepnel·.

159 3104 495 3159 beatutOmittuntetiam
505 3105 668 3177 Bip.Delph.
712 3106 765 3160 lam
781 3107 939 3178 exposuisse.

160 3185 189 3236 Ζ.
203 3185 284 3238 Both.
297 3215 337 3226 -
353 3185 397 3236 Ee
407 3188 472 3256 ipssa,
483 3201 518 3237 se.
532 3185 670 3240 Corinthia
754 3191 822 3242 662.
843 3187 962 3240 Mulieris.
980 3185 1055 3238 Bent.
1072 3183 1151 3238 Both.
1171 3201 1224 3234 mu·

159 3282 230 3330 anu;
245 3281 324 3336 supra
336 3282 375 3318 vs.
391 3267 457 3334 6²9.
470 3265 608 3328 -Hune,
622 3284 670 3318 an·
714 3268 777 3320 lieri.
792 3299 833 3310 -
849 3267 963 3318 Piriitere.
982 3265 1026 3318 Br.
1042 3264 1105 3334 legit
1122 3261 1222 3312 Fiitere.

159 3343 265 3396 uadum.
713 3345 834 3412 -Cerio,
847 3364 951 3416 quaeso,
964 3342 1017 3397 dio.
1031 3373 1070 3386 -
1085 3341 1118 3394 Ut
1131 3359 1224 3412 quara·

201 3422 267 3492 659.
285 3421 315 3475 Si
326 3428 392 3492 potis
409 3435 452 3477 ert.
467 3421 537 3490 Alii,
548 3425 572 3474 si
580 3436 667 3494 potest.
715 3437 763 3488 tur,
777 3443 874 3496 nempe
886 3425 943 3478 hec
955 3422 1060 3476 mulier.

159 3534 200 3545 -
213 3502 275 3555 Pius
286 3507 338 3573 spei
348 3503 400 3558 vid.
416 3502 495 3556 Both.
506 3504 562 3573 pius
572 3523 669 3574 rpe-
753 3503 820 3558 663.
835 3505 890 3574 Ipsa
902 3515 945 3557 est.
961 3502 993 3556 C.
1005 3501 1039 3554 G.
1054 3519 1090 3552 tn.
1104 3499 1222 3572 promit·

163 3581 194 3634 Si
211 3588 276 3652 potis
294 3595 333 3635 est
355 3586 461 3656 reperiri.
487 3581 515 3635 si
535 3581 565 3635 id
582 3595 669 3654 potest
711 3582 998 3655 titsiquodnusqnam
1007 3579 1221 3634 alibiinvenitur.

160 3663 231 3716 sciri.
247 3695 283 3706 --
305 3663 365 3715 Pius
381 3667 433 3734 spei
452 3662 540 3725 vrbo,
557 3662 668 3734 supple,
714 3693 753 3704 --
768 3664 879 3734 Ipsaest.
893 3663 957 3714 Hoc
970 3659 1025 3732 ipsa
1040 3658 1222 3722 eatPhiltera,

159 3760 214 3796 esse
227 3739 261 3795 de
276 3743 408 3812 agnitione
418 3741 533 3796 fitiae.-
549 3741 603 3794 Nee
621 3741 668 3794 im·
711 3762 726 3796 a
746 3761 798 3814 qua
822 3740 959 3812 Antiphila
984 3737 1093 3792 edurata
1115 3751 1161 3792 est.
1182 3767 1221 3780 -—

159 3821 256 3874 merito
278 3822 315 3874 sic
337 3821 455 3893 loquitur
480 3822 574 3893 Syrus.
599 3821 667 3874 Nam
711 3821 802 3876 Mirum
816 3827 844 3874 ni
860 3822 903 3874 iiia
916 3821 1041 3880 sairam,
1057 3831 1105 3872 eto.
1120 3819 1223 3870 «Vero-

159 3901 244 3972 probe
255 3900 449 3955 intellexitlore
458 3902 668 3973 nt,sihntiphils
711 3903 877 3956 simillimum
893 3913 930 3954 est
944 3897 1109 3970 Antiphilam
1124 3898 1222 3951 selvam

161 3979 308 4033 Chremetis
326 3977 381 4034 lilia
398 3994 565 4052 agnoscatur,
581 3981 668 4036 Clinia
712 4001 767 4034 esse
783 3997 810 4036 et
826 3993 975 4053 repertam,
994 3991 1021 4031 et
1038 3997 1081 4031 me
1095 3977 1222 4048 periisse,

159 4065 218 4114 eam
229 4059 257 4112 ln
269 4059 375 4131 nuptias
386 4074 520 4132 exposcet,
533 4076 571 4128 et,
581 4062 669 4116 subin·
712 4061 774 4132 quia
789 4079 879 4135 paenas
894 4059 965 4114 dabo
976 4077 1094 4113 mearum
1113 4057 1224 4112 fallacie·

961 4195 965 4204 ·
995 4153 1064 4238 26³
