3000 4866
289 413 311 460 n
553 389 725 458 VICTOR
751 389 814 458 DE
841 389 1091 460 cortonula

290 521 347 593 sed
364 521 506 616 aperito
522 521 600 588 artis
616 521 748 590 musicas
762 519 867 590 factis.
879 523 995 616 Neque
1009 523 1099 592 enim
1114 525 1226 593 omnia
1240 525 1355 598 iisdem

290 628 396 698 modis
420 627 453 695 in
480 651 547 694 uno
568 627 698 695 cantico
722 625 918 722 agebantur,
941 627 999 696 scd
1025 653 1112 723 saepe
1132 635 1277 702 mutatis.
1306 639 1356 705 Ut

290 733 476 830 significant
492 734 549 826 qui
568 747 634 802 tres
648 757 805 802 numeros
817 737 852 802 in
866 733 1035 803 comoediis
1053 751 1200 830 ponunt,
1216 742 1273 833 qui
1286 754 1355 812 tres

289 841 460 912 continent
487 853 632 908 mutatos
657 839 774 908 modos
800 841 919 909 cantici
947 838 1041 910 illius.
1065 843 1134 932 Qui
1163 843 1355 937 hujusmodi

285 947 406 1017 modos
422 945 602 1032 faciebant,
623 969 745 1013 nomen
759 947 793 1013 in
810 947 974 1042 principio
989 946 1121 1036 Fabula
1138 963 1171 1018 et
1184 953 1354 1046 scriptoris

286 1067 321 1124 ct
339 1053 461 1123 actoris
479 1050 757 1146 superponebant.
773 1052 974 1145 Hujusrnodi
993 1052 1077 1123 adeo
1093 1057 1238 1126 carmina
1251 1057 1295 1126 ad
1312 1061 1352 1128 u·-

285 1159 357 1230 bias
378 1158 519 1244 fiebant,
538 1171 579 1225 ut
598 1156 653 1226 his
676 1156 795 1226 auditis
813 1156 908 1227 multi
934 1184 975 1228 ex
997 1158 1121 1256 populo
1141 1176 1218 1231 ante
1243 1161 1352 1236 disce·

284 1281 376 1346 rent,
398 1287 498 1359 quam
515 1261 675 1332 Fabulam
690 1265 796 1333 acturi
812 1265 932 1334 scenici
947 1279 1075 1355 essent,
1093 1291 1193 1362 quam
1214 1273 1353 1342 omnino

284 1369 526 1468 spectatoribus
536 1370 614 1464 ipsis
633 1368 830 1440 antecedens
843 1369 958 1441 titulus
969 1375 1249 1467 pronuntiaretur.
1265 1381 1352 1472 Age·

283 1479 407 1547 bantur
424 1489 534 1545 autem
552 1475 640 1546 tibiis
657 1477 792 1570 paribus
809 1491 868 1546 aut
885 1478 1083 1573 imparibus,
1098 1493 1132 1549 et
1149 1479 1272 1551 deruis
1294 1499 1353 1554 ant

282 1583 429 1655 sinistris.
446 1584 581 1652 Dextrae
593 1597 704 1652 autem
719 1597 754 1652 et
769 1582 882 1676 Lydiae
896 1609 956 1654 sua
969 1586 1130 1680 gravitate
1145 1589 1264 1658 seriam
1279 1591 1351 1660 Co·

282 1689 411 1760 moediae
429 1689 607 1758 dictionem
622 1690 892 1784 pronuntiabant.
906 1692 1053 1762 Sinistra
1065 1707 1098 1762 et
1111 1695 1261 1765 Sarranae
1275 1720 1353 1766 acn-

280 1797 378 1865 minis
401 1794 535 1864 levitate
545 1795 661 1889 jocum
675 1797 710 1864 in
724 1796 896 1867 Comoedia
910 1797 1138 1869 ostendebant.
1152 1800 1221 1869 Ubi
1238 1817 1349 1872 autem

279 1901 396 1972 dextra
416 1916 451 1972 ct
470 1902 602 1971 sinistra
621 1916 695 1973 acta
717 1901 842 1972 Fabula
863 1903 1116 1994 inscribebatur,
1136 1908 1262 1976 mixtim
1278 1909 1347 2001 joci

280 2022 315 2078 ct
333 2008 511 2105 gravitates
530 2007 820 2078 denuntiabantur.

460 2261 510 2350 L.
551 2261 871 2357 VICTORIS
908 2263 1156 2356 FAUSTI

528 2475 591 2545 ua
610 2439 851 2549 consonuit
868 2481 1099 2552 musanus

375 2698 436 2760 Sim
450 2696 548 2756 brevis
565 2715 656 2774 usque
671 2697 740 2758 licet
754 2711 884 2758 veterum
898 2699 936 2758 de
950 2717 1032 2760 more
1045 2697 1170 2771 libellus,

416 2799 522 2873 Meque
537 2813 621 2854 suum
635 2796 788 2873 quisquam
801 2816 862 2854 non
874 2811 962 2874 queat
975 2813 1122 2855 asserere:

375 2896 435 2952 Nec
451 2891 541 2950 triviis
554 2891 671 2970 vulgata
687 2893 792 2966 leram,
807 2893 982 2972 decerptave
997 2891 1121 2972 passim,

416 2991 480 3046 Nec
493 2987 618 3068 proinde
634 2989 709 3048 elata
723 2989 818 3048 fronte
832 2988 977 3068 superbus
992 3009 1076 3049 eam:

374 3092 509 3145 Attamen
525 3085 672 3165 egregium
688 3086 761 3145 nihil
778 3085 923 3164 undique,
940 3099 970 3146 et
986 3085 1114 3166 undique
1130 3100 1237 3146 tersum
1252 3101 1304 3146 est.

414 3187 507 3259 Nam,
520 3181 601 3262 quod
616 3184 746 3258 miraris,
762 3183 838 3244 ridet
850 3183 879 3243 id
895 3185 968 3243 alter
979 3203 1061 3264 opus.

327 3383 514 3451 Eorrnaus
539 3403 601 3474 ego
626 3377 772 3448 libellum
793 3376 835 3446 de
856 3376 976 3473 triplici
1000 3377 1248 3448 Comoediarum
1269 3405 1344 3450 sec-

274 3489 379 3573 tione,
397 3487 648 3555 Trivisanorum
663 3484 784 3572 decus,
802 3484 951 3572 Andrea,
963 3484 1039 3568 tibi,
1053 3509 1241 3579 quanquam
1255 3511 1343 3582 prae·

274 3605 419 3680 tentato,
436 3618 556 3662 munus
576 3591 687 3661 dicare
703 3591 847 3660 decrevi.
863 3590 942 3660 Non
961 3591 1112 3685 equidem
1127 3590 1345 3663 admiratione

274 3699 440 3768 bonorum
471 3701 622 3794 corporis
649 3712 707 3767 aut
732 3697 894 3784 fortunae,
911 3722 978 3791 qua
1000 3699 1119 3767 merito
1141 3699 1288 3767 Venetiis
1310 3714 1345 3769 et

272 3808 308 3876 in
330 3804 413 3874 adeo
435 3803 606 3874 excellenti
624 3803 746 3873 familia
766 3826 1017 3890 veneraremur;
1036 3803 1093 3874 sed
1114 3804 1271 3898 quoniam
1294 3806 1345 3874 in·

274 3913 373 4008 genio
389 3923 422 3981 te
440 3909 597 4004 singulari
617 3909 858 3982 adolescentem
876 3909 989 3980 multis
1000 3909 1201 4005 jampridem
1215 3910 1345 3983 indiciis

273 4019 343 4112 ipse
364 4041 596 4112 cognoveram.
615 4019 747 4088 Etenim
765 4041 862 4104 vore,
879 4017 970 4112 quod
991 4017 1034 4087 de
1055 4041 1091 4086 se
1100 4017 1248 4109 jactabat
1263 4022 1345 4088 Her-

418 4176 429 4208 l
