2892 4856
283 281 353 368 134
480 331 483 336 .
511 281 683 350 runnu
708 275 952 347 rnanuru
980 276 1096 355 arur

276 414 424 500 Dehinc,
446 437 487 480 ne
507 410 681 481 frustretur
700 411 769 506 ipse
791 435 844 496 se,
863 423 921 479 aut
941 409 987 478 sic
1006 411 1146 503 cogitet:

211 543 213 550 ¹
282 519 488 589 «Defunctus
501 518 573 611 jam¹
588 541 676 604 sum;
689 514 770 586 nihil
784 529 849 602 est,
864 514 953 609 quod
971 514 1057 586 dicat
1072 514 1188 582 mihi.»
1311 541 1332 580 n

278 629 313 696 Is
328 649 370 694 ne
383 637 485 712 erret,
499 648 637 709 moneo,
654 637 687 692 et
703 622 832 692 desinat
849 619 1015 693 lacessere.

278 732 394 802 Habeo
415 728 477 798 alia
500 728 620 814 multa,
635 753 707 824 quae
724 753 813 799 nunc
832 727 1089 798 condonabitur:

280 838 363 926 Quae
384 835 593 930 proferentur
613 851 707 929 post,
729 836 756 903 si
773 848 887 928 perget
906 831 1040 915 laedere,
1090 825 1093 832 ’

278 946 332 1013 Ita
351 956 387 1010 ut
407 941 514 1011 facere
534 941 681 1010 instituit
701 940 811 1028 Quam
832 963 921 1007 nunc
942 941 1047 1008 acturi
1069 961 1182 1008 sumus

281 1047 457 1117 Menandri
476 1047 691 1132 Eunuchum,
711 1057 883 1140 postquam
899 1043 1019 1114 AEdiles
1037 1057 1209 1130 emerunt,
1319 1077 1329 1105 ι

283 1153 441 1236 Perfecit,
460 1152 520 1221 sibi
541 1166 578 1220 ut
595 1151 793 1245 inspiciundi
809 1165 895 1221 esset
911 1152 1017 1246 copia.

283 1261 495 1354 Magistratus
514 1282 617 1352 quum
635 1256 681 1325 ibi
698 1257 864 1344 adessent,
883 1272 1020 1351 occepta
1038 1256 1078 1325 'st
1095 1259 1157 1349 agi.

283 1363 473 1448 Exclamat,
487 1363 610 1450 furem,
631 1388 698 1431 non
718 1378 849 1458 poetam
869 1362 1012 1432 fabulam

284 1470 439 1554 Dedisse,
458 1485 491 1537 et
513 1467 556 1538 nil
579 1468 705 1540 dedisse
726 1470 903 1538 verborum
922 1484 1050 1550 tamem

286 1655 440 1716 gementum
451 1641 557 1705 sabula,
568 1659 604 1694 vs.
616 1659 643 1709 9.
656 1674 695 1682 —-
708 1641 793 1694 Perve-
879 1661 924 1694 eo.
941 1640 1070 1694 Menandri
1084 1638 1347 1703 Ennuolnnndennrn·

217 1728 222 1738 ‘
287 1725 362 1786 norit,
377 1723 507 1775 inclusum
521 1721 610 1774 fuerit.
838 1735 909 1792 ptam
938 1739 970 1773 ex
995 1717 1203 1774 Menandro.-·
1219 1721 1347 1791 Postquain

331 1807 375 1865 ¹4·
397 1802 507 1864 Dehinc,
523 1812 614 1870 postea
631 1817 710 1870 quam
732 1800 795 1854 tales
840 1797 1350 1870 AEdileseneruntntgebanturenimpri-

289 1894 409 1954 expertus
426 1881 505 1934 fuerit
519 1879 741 1950 exprobrationes.
757 1909 796 1923 -
840 1879 1198 1950 vatim,etspeciminiaonusa
1205 1877 1350 1941 comedin,

290 1963 439 2026 Faunum,
452 1979 486 2012 ne
499 1977 527 2011 ee
543 1957 650 2012 deludat
667 1959 729 2012 falsa
743 1977 796 2030 ape.
842 1957 913 2031 apud
938 1957 1036 2012 AEdiles
1060 1959 1188 2022 Curules,
1208 1971 1348 2028 antequam

291 2043 356 2095 Ver.
370 2041 494 2108 suadetur,
507 2039 644 2106 fraudetur,
659 2037 799 2090 -Sicco-
842 2039 948 2111 publice
960 2050 1110 2110 agerentur.
1123 2036 1350 2090 Adnotcvimnsin

292 2126 361 2192 giret.
378 2121 408 2173 C.
421 2119 454 2173 G.
468 2139 503 2172 nr.
518 2117 554 2170 Si.
843 2117 954 2190 prologo
972 2116 1079 2173 Andriae
1101 2116 1201 2170 Miles
1216 2116 1350 2180 cerula.

336 2199 379 2252 15.
396 2199 529 2266 Defunctns
540 2201 592 2266 jam
605 2217 670 2249 sion:
679 2197 731 2262 Qui
744 2215 799 2250 rem
843 2210 939 2269 praeter
957 2211 1065 2262 cetera,
1080 2195 1157 2252 ludos
1170 2197 1291 2264 scenicos
1304 2195 1350 2249 ad·

293 2278 408 2352 peregit,
416 2279 516 2349 quique
526 2275 641 2347 proinde
651 2295 681 2330 ea
690 2276 800 2329 estlibe·
845 2277 1040 2332 ministravisse.

293 2372 380 2422 ratus,
400 2355 538 2410 defunctus
552 2369 577 2408 et
592 2357 746 2425 perfunctus
761 2353 803 2408 di·
887 2376 932 2410 or.
949 2356 1066 2424 Perfecit,
1080 2353 1114 2408 od
1124 2353 1153 2408 id
1165 2356 1291 2426 pervenit
1301 2357 1353 2407 h·

294 2437 373 2491 citur.
386 2435 430 2489 Sic
442 2433 492 2488 Ad.
510 2431 649 2498 510,itid.
669 2435 799 2497 Liv.111‚
845 2437 969 2490 nuvious.
992 2436 1113 2488 —Post
1132 2453 1238 2488 versum
1262 2435 1354 2496 amin

296 2520 321 2572 Β.
337 2515 404 2566 Perl.
414 2547 452 2556 --
462 2515 537 2582 Quod
548 2514 614 2566 dicat
627 2513 698 2580 milri,
714 2515 740 2566 in
752 2532 802 2584 po·
846 2515 942 2568 Botbio
954 2516 1076 2586 sequitur
1084 2515 1143 2575 ille,
1161 2516 1237 2586 cujus
1250 2515 1354 2568 initium

297 2609 405 2649 aterum.
847 2594 1020 2663 Magistratus,
1035 2593 1146 2667 quumibi
1157 2595 1266 2658 derret,
1277 2611 1355 2665 quem

339 2677 383 2727 16.
408 2673 445 2727 Ne
466 2685 541 2738 erret,
560 2691 593 2726 ne
620 2673 709 2724 falsam
729 2691 802 2744 spem
846 2673 1173 2745 deindeexcipiuntrerbe
1189 2675 1300 2741 Perfecit
1309 2685 1356 2727 etc.

298 2755 357 2808 ilat.
372 2753 527 2804 *Desinere
543 2753 595 2804 Alii
608 2752 703 2804 desinet.
889 2773 934 2806 υ.
951 2754 1078 2808 Λάκαι.
1092 2753 1135 2806 Sic
1148 2754 1357 2806 trcsllentl.an·

341 2851 383 2904 17.
400 2832 463 2902 Qun
476 2849 546 2886 nnnc.
562 2831 640 2884 Both.
663 2851 803 2902 nuncque.
847 2833 915 2904 tiqui
930 2832 1046 2898 codices,
1065 2851 1115 2906 pro
1134 2833 1226 2885 demet
1244 2833 1358 2904 vulgato.

294 2943 336 2956 ·-
350 2911 538 2978 Condonabitnr.
553 2909 620 2965 Cod.
633 2911 692 2964 Hal.
710 2909 805 2964 Cordo·
847 2913 1013 2982 Magistratus
1026 2927 1114 2968 autem
1133 2912 1358 2982 pluralinumero

298 2993 430 3053 nubuntur,
439 2989 512 3061 quod
524 2989 636 3044 malebat
646 2992 671 3042 J.
684 2991 714 3044 C.
723 2990 805 3044 Scali·
847 3005 909 3044 snut
923 2991 977 3047 duo
992 2991 1099 3046 AEdilee.
1115 2991 1181 3044 Peri.

298 3091 353 3144 ger.
366 3071 437 3125 Glar.
449 3069 606 3141 praeferebat
613 3070 806 3122 condonabimus.
891 3071 935 3127 23.
953 3073 1050 3126 rm.
1068 3073 1100 3126 ln
1116 3071 1167 3124 Ms.
1185 3071 1259 3141 Lipe.
1276 3072 1359 3126 eltero

299 3148 805 3221 -Quoecondon.·Secundnmquaeillc
843 3151 992 3216 swemesse.

298 3228 500 3286 condonabitur.
514 3255 525 3276 ι
541 3229 592 3281 Per
601 3229 774 3300 graciemum.
892 3237 937 3294 ²4·
958 3233 996 3286 Et
1020 3231 1057 3284 nil
1068 3231 1160 3282 &disse
1174 3231 1302 3284 naborem
1322 3241 1362 3280 tc·

343 3312 386 3366 18.
411 3310 582 3376 Proserentum
607 3309 804 3378 evulgabuntnr.
850 3329 909 3362 rnen.
918 3309 1223 3364 Donet.·autneminem
1232 3309 1363 3372 fefellisse,

342 3407 386 3459 19.
409 3389 528 3453 Instiniit,
550 3388 708 3458 incepit-
727 3390 806 3458 Quam
852 3383 931 3452 (dare
951 3391 1023 3444 enim
1039 3391 1132 3453 verba,
1146 3387 1271 3460 decipere
1287 3403 1327 3440 eet
1339 3385 1363 3448 :l

299 3477 370 3522 moros
384 3468 463 3539 Vulg.
476 3469 548 3522 Nunc
557 3486 635 3540 quarn.
653 3467 694 3520 ‘Et
706 3466 808 3520 dicitnr
850 3481 896 3522 aut
917 3469 984 3522 nibil
1005 3470 1154 3540 opposuisse
1168 3465 1202 3520 de
1216 3487 1264 3520 sun
1275 3505 1283 3530 ‚
1294 3467 1363 3520 nibil

299 3545 807 3682 ffirprgponeppqsupgp
850 3545 1151 3700 {ilffleiiit'
1166 3546 1366 3696 lm

443 3666 451 3694 s
488 3691 490 3696 .
682 3665 689 3678 ·
715 3653 726 3674 ⁸
799 3657 809 3670 '
1149 3665 1158 3689 v
1352 3655 1366 3668 ‘

299 3727 379 3780 quam
398 3706 629 3762 AEdilesemernnt
645 3705 806 3760 Eunuchum
851 3707 927 3760 nitati
960 3705 1182 3763 accommodatus.
1202 3733 1242 3746 -
1263 3705 1366 3758 Putant

299 3786 454 3851 Menandri,
466 3803 545 3858 quarn
555 3783 711 3841 eomoediem
722 3805 803 3850 nunc,
849 3785 995 3841 iuvencius
1016 3799 1042 3840 et
1057 3785 1165 3840 domine
1182 3785 1296 3846 Durior,
1319 3803 1368 3856 pu

300 3879 349 3920 eto.
367 3891 379 3916 ι
399 3895 436 3908 -
452 3867 540 3919 Actori
569 3885 656 3918 snmus.
689 3867 805 3920 Donatus
849 3867 896 3919 bat
920 3885 997 3920 voces
1016 3868 1053 3918 nil
1068 3865 1159 3918 &disse
1179 3864 1308 3916 verborum
1326 3867 1367 3916 in·

300 3946 364 4017 legit
378 3948 456 3998 sunus.
848 3947 895 4000 nui
905 3965 919 4000 a
930 3945 1079 4010 Lanuvino,
1087 3945 1155 3998 nibil
1168 3941 1261 3998 damni
1272 3944 1369 3998 fecisse
