2890 4866
236 355 467 432 uerrutis
484 339 656 432 uerusu
679 365 984 434 urssunrauo.
1101 389 1157 436 cu

157 503 261 584 Rogito
270 502 335 580 quis
348 521 413 562 earn
428 501 561 574 vexerit,
574 502 639 580 quis
653 501 761 562 habeat
776 501 801 560 si
814 501 857 562 ibi
870 501 1055 562 inaudiverit.

158 606 274 680 Hospes
288 599 455 680 respondit,
471 601 621 678 Zacyntho
633 601 705 658 ficus
719 601 783 660 fieri
796 621 857 658 non
870 600 968 660 malas.

72 809 182 880 Vides
199 810 370 880 hominem
390 823 460 878 tarn
479 809 624 892 tristem,
650 822 689 876 ut
706 807 844 878 festivus
867 833 938 878 esse
955 826 1091 904 quaerat.
1111 813 1156 880 At

74 916 211 987 divinus
227 916 292 986 hac
307 905 342 985 iri
356 929 469 1010 parte,
484 913 568 984 duos
583 928 748 985 amatores
761 915 796 984 in
812 916 997 1006 Eunucho,
1012 943 1073 987 suo
1084 943 1154 987 mo·

74 1049 129 1108 re,
154 1022 344 1092 Phaedriam
363 1035 397 1090 et
414 1022 609 1110 Chaeream,
627 1021 784 1092 divinitus
804 1036 983 1118 utrumque
1001 1023 1153 1098 ridorrcrei.¹

75 1131 195 1220 Quare
210 1154 314 1224 quum
330 1131 441 1198 Poetae
458 1153 592 1216 omnes,
605 1151 748 1222 quorum
764 1130 948 1200 imitatione
961 1145 1092 1200 constat
1107 1133 1155 1200 in·

76 1237 233 1306 stitutum
253 1261 293 1306 ac
313 1233 507 1324 consilium,
526 1235 694 1329 pictorum
713 1234 836 1321 instar,
854 1251 937 1308 teste
953 1238 1155 1308 Criticorum

76 1367 157 1438 rege
179 1365 219 1411 ac
238 1343 407 1437 principe,
424 1356 483 1410 aut
501 1341 643 1427 similem
658 1355 717 1410 aut
731 1332 839 1436 (quod
857 1367 926 1412 nou
941 1367 1018 1414 raro
1035 1346 1157 1430 evenit,

76 1448 133 1518 vel
158 1449 311 1543 imperite
339 1447 392 1516 καὶ
420 1442 453 1526 ἐξ
483 1447 661 1532 ἀσθενείας,
684 1445 736 1516 vel
756 1449 912 1543 captandi
930 1451 1015 1520 risus
1034 1441 1157 1543 causa)

77 1579 171 1624 nunc
192 1554 323 1650 pejores
342 1578 442 1650 quarn
460 1569 537 1624 sunt
557 1556 767 1648 exprimant,
784 1579 875 1624 nunc
898 1555 1070 1646 meliores3
1088 1583 1157 1626 ser-

78 1685 140 1731 vos
158 1661 292 1756 pejores
305 1659 460 1748 Plautus,
479 1675 518 1729 ut
535 1658 739 1755 plurimum;
754 1663 928 1732 Terentius
943 1661 1007 1732 hos
1025 1688 1159 1758 semper

79 1766 222 1854 similes,
234 1791 304 1836 non
319 1764 488 1854 meliores3
499 1767 690 1836 meretrices
703 1790 785 1837 vero
799 1768 921 1863 partim
937 1767 1069 1858 similes,
1085 1795 1159 1865 par

80 1875 141 1942 tim
163 1871 319 1944 meliores
341 1871 519 1967 aliquando
546 1872 743 1958 introducit3
762 1873 904 1959 similes,
924 1890 962 1945 ut
979 1875 1157 1965 Thaidem3
1265 1941 1268 1946 .

81 1978 257 2067 meliores,
283 1994 324 2049 ut
344 1978 558 2048 Bacchidem.
582 1980 748 2076 Parasitos
771 2004 902 2074 semper
924 1979 1104 2052 deteriores
1124 1999 1158 2053 et

80 2086 272 2156 veraciores
289 2085 446 2174 Plautus,
465 2110 637 2180 nunquam
654 2083 816 2156 meliores.
826 2087 876 2155 Ut
894 2100 928 2155 et
941 2089 1156 2176 Dossennus,

83 2195 140 2286 qui
161 2192 225 2262 hos
245 2190 333 2262 solos
353 2191 598 2288 propemodum
618 2191 777 2278 curabat,
797 2193 831 2260 in
852 2191 1001 2287 personis
1023 2193 1156 2290 reliquis

84 2297 252 2366 ἐκπίπτων.
283 2297 442 2368 Phormio
468 2299 688 2368 Terentianus
715 2297 813 2392 plane
843 2313 894 2368 est
918 2298 1154 2370 admirandus:

84 2417 122 2473 ut
143 2419 177 2473 et
198 2404 345 2474 Gnatho.
360 2404 520 2492 Plautini,
533 2406 611 2498 quia
628 2405 732 2474 risum
750 2420 920 2498 quarunt,
931 2407 1105 2478 veritatem
1123 2423 1157 2479 et

84 2536 238 2580 sermone
258 2525 292 2582 et
308 2512 479 2580 sententiis
496 2511 662 2583 amittunt.
678 2513 760 2580 Tres
772 2513 914 2582 virtutes
929 2514 1017 2584 enirn
1035 2539 1157 2603 sermo,

84 2641 184 2710 quem
205 2642 274 2687 non
292 2619 362 2686 sine
384 2641 484 2686 causa
513 2617 613 2690 atrati
637 2616 793 2687 dixerunt
814 2619 941 2708 Graeci,
964 2645 1026 2689 nos
1043 2612 1157 2691 Mora-

85 2737 156 2792 tum
182 2722 341 2809 dicimus,
357 2724 558 2819 AEquitatem
583 2726 939 2818 nempe,Veritatem,
965 2740 999 2795 et
1024 2726 1157 2823 Simpli-

85 2829 240 2916 citatem,
269 2829 441 2925 postulat:
464 2853 538 2924 quae
563 2831 601 2896 τὸ
616 2819 807 2914 ἐνδιάθετον,
827 2829 894 2902 hoc
921 2847 991 2920 est,
1010 2833 1043 2902 id
1066 2835 1157 2928 quod

85 2937 267 3032 unicuique
288 2951 337 3006 est
354 2936 510 3020 insitum,
524 2936 569 3005 ob
590 2935 704 3005 oculos
719 2939 886 3031 proponit.
903 2939 1017 3027 Quum
1037 2939 1158 3010 ridicu·

86 3039 170 3130 lum,
186 3057 227 3112 ut
244 3041 441 3131 violentum,
459 3043 536 3136 quia
555 3066 575 3111 a
590 3056 710 3111 natura
723 3040 868 3112 alienum
879 3098 889 3131 ,
902 3043 993 3138 quod
1011 3061 1102 3117 recte
1117 3047 1159 3118 de

87 3171 126 3217 eo
148 3146 343 3218 Aristoteles
365 3149 576 3246 pronuntiat,
601 3163 798 3244 corruptum
819 3151 875 3236 sit,
899 3164 933 3220 et
954 3175 974 3219 a
993 3155 1159 3248 corruptis

88 3256 209 3343 causis,
228 3254 320 3349 quod
343 3255 415 3348 jam
439 3254 507 3325 dixi
533 3269 718 3326 moveatur.
738 3256 929 3346 Moratum,
950 3260 1028 3354 quia
1053 3258 1159 3329 simile

88 3374 137 3429 est
157 3375 304 3447 naturae,
328 3363 447 3431 leuiter
470 3359 637 3432 delectat:
659 3361 748 3458 quod
773 3359 908 3433 etatum
936 3362 1158 3460 singularum,

87 3465 282 3556 hominum,
296 3492 335 3538 ac
347 3469 536 3557 nationum,
545 3469 712 3564 totiusque
725 3469 818 3556 vitae,
827 3468 1040 3541 simulacrum
1054 3471 1159 3566 quod·

90 3571 165 3642 darn
181 3598 223 3660 ac
239 3574 438 3670 imaginem,
454 3576 489 3645 in
503 3599 603 3646 scena
619 3591 843 3671 representat.
862 3576 964 3647 Plane
979 3593 1017 3648 ut
1030 3581 1161 3674 pictura

90 3703 161 3773 qua
183 3683 210 3749 a
222 3705 304 3750 vero
323 3682 411 3772 abit,
428 3695 462 3752 ct
479 3681 532 3752 vel
554 3683 732 3753 cubitalem
753 3707 890 3773 nasum,
908 3683 962 3755 vel
980 3683 1158 3756 distortum

92 3809 127 3854 os
144 3786 252 3889 facete
272 3803 503 3886 representat,
521 3791 624 3860 risum
644 3804 780 3861 movet:
798 3789 910 3862 similis
927 3791 1078 3865 delectat.
1095 3794 1161 3861 At-

92 3915 154 3985 que
172 3894 241 3966 hoc
263 3909 314 3964 est
334 3895 426 3991 quod
446 3923 560 3968 omnes
578 3897 731 3968 tribuunt
751 3898 955 3990 Menandro,
976 3924 1074 3994 quern
1093 3901 1159 3966 Te-

93 4002 218 4071 rentius
236 4006 407 4097 expressit.
429 4007 477 4074 Ut
498 4008 747 4100 Hermogenes:
766 4005 859 4100 Παριί
882 4033 917 4076 τε
937 4011 1022 4094 αὐτῷ
1041 4007 1164 4074 Meteir-
1246 4027 1249 4036 ’
