2890 4866
234 375 463 482 namatus·
478 379 649 452 uutttsu
678 377 986 452 DISSERTATIO.
1086 401 1154 452 xcv

76 523 190 589 Poeta·
224 515 385 586 excidisse
417 512 541 604 nollet3
568 515 664 609 cujus
689 529 801 583 nmen
825 535 937 585 vernae
963 515 1081 588 melius
1110 517 1152 586 de

77 625 198 697 Plauto
228 621 441 720 judicabant,
459 647 570 717 ‚quam
597 623 656 717 qui
686 645 775 690 nunc
803 621 959 694 familiam
989 625 1024 694 in
1052 623 1154 695 literis

76 734 168 804 tueri
185 730 251 802 hac
269 743 366 799 aetate
384 726 575 799 creduntur.
597 729 666 818 Qui
686 749 749 797 nec
770 727 895 818 saeculi,
916 754 982 826 quo
998 733 1099 816 vixit,
1120 747 1155 802 et

77 863 275 934 quo,quum
287 837 416 924 Poesis,
434 849 507 906 tum
524 836 645 906 Latina
663 832 794 928 lingua,
811 835 854 904 ad
871 861 1065 933 supremum
1082 837 1153 908 cul·

77 971 159 1016 men
182 969 222 1014 ac
246 943 414 1040 fastigium
435 957 551 1013 evecta
569 941 650 1030 fuit,
670 943 826 1037 ignorare
846 943 957 1038 potuit
973 944 1153 1039 judicium,

76 1055 133 1123 vir
154 1065 282 1139 tantus,
298 1064 347 1136 et,
365 1048 456 1146 quod
478 1050 526 1118 rei
550 1063 653 1144 caput
677 1048 836 1137 arbitror,
857 1050 1081 1147 principibus,
1096 1055 1155 1149 qui

76 1160 168 1228 iuter
189 1181 224 1228 se
250 1156 399 1252 quotidie
418 1155 460 1226 de
485 1157 524 1226 iis
541 1155 756 1249 judicabant,
779 1156 896 1225 intime
920 1155 1090 1228 familiaris
1112 1183 1153 1229 ac

75 1267 216 1336 amicus.
238 1264 390 1358 Augusto
409 1279 539 1351 autem,
564 1263 692 1358 optimo
713 1263 922 1357 ingeniorum
941 1263 1066 1358 judici,
1085 1281 1154 1337 tam

76 1385 195 1468 gratus
215 1383 314 1466 atque
333 1383 507 1465 acceptus,
527 1384 652 1440 utnon
673 1393 749 1438 raro
768 1367 988 1464 lepidissimus
1005 1371 1154 1442 homun-

74 1482 135 1549 cio
154 1478 198 1547 ab
219 1502 261 1547 eo
278 1477 463 1565 diceretur,
481 1490 515 1546 et
533 1500 648 1572 quem,
667 1477 695 1546 si
712 1477 901 1571 antiquitati
921 1476 1075 1548 habenda
1097 1479 1153 1551 hic

76 1585 180 1675 fides,
193 1585 295 1654 etiam
309 1584 434 1654 habere
452 1583 495 1653 ab
513 1580 659 1678 epistolis
672 1584 811 1678 optavit.
828 1584 896 1672 Qui
914 1607 1019 1679 quum
1037 1601 1155 1659 contra
1202 1629 1206 1637 ·

75 1693 165 1762 tanti
178 1692 323 1762 Terentii
341 1690 458 1760 lecerit
473 1687 641 1777 Fabellas,
662 1703 751 1759 utet
771 1690 917 1785 integras
934 1715 976 1761 ex
993 1692 1031 1763 iis
1054 1698 1154 1788 ῥήσεις

76 1799 306 1895 descripserit,
328 1811 361 1867 et
386 1795 510 1892 ubique
535 1796 781 1883 accommodet,
802 1796 864 1866 soli
885 1797 1026 1893 denique
1047 1815 1154 1873 artem

74 1907 219 1994 tribuat;
241 1905 385 1975 hominis
407 1896 558 1984 αὐθάδους
586 1904 817 2000 potiusquam
843 1904 963 1974 eruditi
986 1921 1087 1995 esset,
1105 1909 1154 1978 ita

76 2013 253 2083 dissentire
267 2037 286 2080 a
298 2026 392 2081 tanto
408 2011 500 2099 viro,
513 2024 551 2081 ut
569 2035 612 2079 ne
630 2034 764 2079 causam
779 2009 871 2104 prius
887 2014 1153 2104 cognoscendam

77 2119 239 2190 crederet.
262 2120 376 2208 Quare
393 2118 565 2187 videamus
588 2115 722 2204 saltem,
743 2115 824 2211 quid
842 2115 957 2186 afferri
975 2143 1038 2214 pro
1058 2134 1154 2190 utro·

78 2251 145 2322 que
160 2227 274 2322 possit
291 2227 344 2296 Ne
358 2223 412 2294 vel
424 2222 535 2294 Flacci
545 2223 707 2317 judicium
722 2224 756 2291 iu
773 2235 961 2318 posterum,
976 2239 1013 2293 ut
1029 2223 1153 2314 solent,

78 2349 140 2404 aut
157 2332 350 2402 Terentium
374 2355 490 2400 secure
511 2331 650 2400 nimium
672 2329 831 2398 damnare
854 2329 988 2424 quidam
1011 2349 1155 2430 pergant
1210 2359 1212 2364 ·

76 2442 115 2510 in
134 2439 317 2510 Comoedia.
333 2437 456 2509 Omnia
471 2427 584 2507 autem
603 2460 666 2532 pro
682 2436 812 2506 Horatii
822 2434 975 2530 judicio,
984 2441 1041 2533 qui
1053 2439 1154 2510 Plau·

74 2562 152 2618 tum
176 2548 224 2617 sic
244 2569 395 2615 amarnus
415 2557 449 2614 et
470 2569 490 2613 e
515 2543 669 2615 manibus
690 2543 854 2612 rarissime
874 2558 1029 2638 putemus
1050 2543 1154 2644 depo·

76 2652 245 2741 neudum,
262 2652 416 2721 dicentur
439 2651 550 2745 potius
575 2673 676 2745 quam
702 2663 829 2719 nostro.
859 2652 911 2720 Ac
937 2649 979 2720 de
1006 2656 1154 2725 numeris

73 2759 214 2858 quidem
226 2756 386 2829 nonnulla
394 2758 548 2827 Donatus
562 2780 570 2824 τ
586 2780 652 2852 qua
664 2753 763 2826 etiam
775 2757 809 2825 in
821 2771 918 2852 parte
928 2757 1020 2827 haud
1030 2785 1153 2855 parum

74 2865 261 2938 Veteribus
290 2863 459 2935 nonnullis
483 2862 610 2960 placuit
636 2863 823 2932 Terentius.
859 2863 983 2934 Rufino
1016 2866 1153 2961 quidem

75 2973 328 3062 Grammatico,
343 2994 447 3067 quum
467 2971 576 3066 iuquit
591 2995 599 3039 ε

201 3139 329 3218 Agnovit
341 3149 480 3208 metrum,
494 3149 648 3214 servatque
662 3135 817 3196 Terentius
832 3147 942 3210 arterias

201 3239 277 3296 Nam
292 3235 431 3314 prologos
447 3233 577 3292 trimetro
591 3231 694 3291 didicit
707 3252 882 3312 componere
893 3253 995 3308 versu,

202 3335 421 3410 scenarumque
435 3342 517 3390 actus
528 3329 639 3410 primos
652 3329 727 3409 pede
743 3329 853 3390 claudit
866 3331 980 3390 eodem.

78 3499 298 3592 Quemquam
315 3507 407 3565 certe
423 3489 545 3563 Fabius
566 3516 635 3564 non
654 3493 783 3562 stetisse
804 3493 892 3563 intra
909 3492 1078 3563 trimetros
1097 3493 1155 3566 de·

76 3604 202 3702 plorat.
218 3605 272 3673 De
285 3627 352 3698 quo
367 3601 454 3671 forte
467 3598 547 3672 alias
558 3597 680 3670 dicturi
693 3623 818 3670 sumus.
832 3600 885 3670 ad
898 3598 1039 3670 alterum
1054 3603 1157 3698 prius·

78 3735 183 3807 quam
194 3707 538 3803 venmmunquaedam
548 3706 779 3803 premittenda
789 3719 896 3776 erunt.
905 3708 1019 3795 Quum
1033 3709 1157 3780 eaedem

79 3817 268 3890 Comoediar
288 3813 533 3912 propemodum
560 3813 627 3884 sint
654 3829 766 3913 partes
792 3837 831 3885 ac
854 3813 1056 3909 Tragoedias,
1081 3815 1157 3888 finis

78 3949 216 4022 quoque
234 3947 276 3996 ex
292 3937 387 4020 parte
401 3921 506 4010 idem,
519 3943 562 3992 ex
576 3935 671 4022 parte
685 3918 854 4010 dirersus,
869 3921 975 3991 multa
990 3945 1061 3992 esse
1075 3923 1156 3993 utri-

78 4059 149 4130 que
168 4032 361 4104 commuuia
379 4053 513 4102 necesse
532 4043 592 4100 est
611 4025 788 4100 Delectare
804 4029 893 4100 enim
912 4053 951 4099 ac
969 4028 1090 4101 docere
1108 4045 1158 4102 est
