<?xml version="1.0" encoding="UTF-8"?>
<!DOCTYPE html PUBLIC "-//W3C//DTD XHTML 1.0 Transitional//EN"
    "http://www.w3.org/TR/xhtml1/DTD/xhtml1-transitional.dtd">
<html xmlns="http://www.w3.org/1999/xhtml" xml:lang="en" lang="en">
 <head>
  <title>
</title>
<meta http-equiv="Content-Type" content="text/html;charset=utf-8" />
  <meta name='ocr-system' content='tesseract 3.04.00' />
  <meta name='ocr-capabilities' content='ocr_page ocr_carea ocr_par ocr_line ocrx_word'/>
</head>
<body>
  <div class='ocr_page' id='page_1' title='image "./publiiterentiia04lemagoog_0524.png"; bbox 0 0 2968 4856; ppageno 0'>
   <div class='ocr_carea' id='block_1_1' title="bbox 270 399 1110 476">
    <p class='ocr_par' dir='ltr' id='par_1_1' title="bbox 270 399 1110 476">
     <span class='ocr_line' id='line_1_1' title="bbox 270 399 1110 476; baseline -0.01 0"><span class='ocrx_word' id='word_1_1' title='bbox 270 403 345 476; x_wconf 82' lang='lat'><strong>310</strong></span> <span class='ocrx_word' id='word_1_2' title='bbox 489 403 672 470; x_wconf 85' lang='lat' dir='ltr'><strong>PUBLIl</strong></span> <span class='ocrx_word' id='word_1_3' title='bbox 701 399 960 475; x_wconf 87' lang='lat' dir='ltr'><strong>TERENTII</strong></span> <span class='ocrx_word' id='word_1_4' title='bbox 988 403 1110 468; x_wconf 82' lang='lat' dir='ltr'>AFRI</span> 
     </span>
    </p>
   </div>
   <div class='ocr_carea' id='block_1_2' title="bbox 270 531 1319 1266">
    <p class='ocr_par' dir='ltr' id='par_1_2' title="bbox 270 531 1022 628">
     <span class='ocr_line' id='line_1_2' title="bbox 270 531 1022 628; baseline -0.007 -22"><span class='ocrx_word' id='word_1_5' title='bbox 270 535 335 612; x_wconf 84' lang='lat' dir='ltr'><strong>Sed</strong></span> <span class='ocrx_word' id='word_1_6' title='bbox 350 535 405 603; x_wconf 82' lang='lat' dir='ltr'><strong>hic</strong></span> <span class='ocrx_word' id='word_1_7' title='bbox 421 547 515 602; x_wconf 84' lang='lat' dir='ltr'><strong>actor</strong></span> <span class='ocrx_word' id='word_1_8' title='bbox 529 546 658 601; x_wconf 89' lang='lat' dir='ltr'><strong>tantum</strong></span> <span class='ocrx_word' id='word_1_9' title='bbox 679 533 801 628; x_wconf 90' lang='lat' dir='ltr'><strong>poterit</strong></span> <span class='ocrx_word' id='word_1_10' title='bbox 816 557 838 604; x_wconf 88' lang='lat' dir='ltr'><strong>a</strong></span> <span class='ocrx_word' id='word_1_11' title='bbox 853 531 1022 616; x_wconf 78' lang='lat' dir='ltr'>facundia,</span> 
     </span>
    </p>

    <p class='ocr_par' dir='ltr' id='par_1_3' title="bbox 270 638 1007 733">
     <span class='ocr_line' id='line_1_3' title="bbox 270 638 1007 733; baseline -0.004 -24"><span class='ocrx_word' id='word_1_12' title='bbox 270 644 442 730; x_wconf 87' lang='lat' dir='ltr'><strong>Quantum</strong></span> <span class='ocrx_word' id='word_1_13' title='bbox 460 638 513 708; x_wconf 88' lang='lat' dir='ltr'><strong>ille</strong></span> <span class='ocrx_word' id='word_1_14' title='bbox 530 640 638 733; x_wconf 89' lang='lat' dir='ltr'><strong>potuit</strong></span> <span class='ocrx_word' id='word_1_15' title='bbox 652 640 798 733; x_wconf 84' lang='lat' dir='ltr'><strong>cogitare</strong></span> <span class='ocrx_word' id='word_1_16' title='bbox 815 639 1007 716; x_wconf 89' lang='lat' dir='ltr'><strong>commode,</strong></span> 
     </span>
    </p>

    <p class='ocr_par' dir='ltr' id='par_1_4' title="bbox 270 744 1319 947">
     <span class='ocr_line' id='line_1_4' title="bbox 272 744 1319 840; baseline -0.003 -25"><span class='ocrx_word' id='word_1_17' title='bbox 272 749 339 836; x_wconf 87' lang='lat' dir='ltr'><strong>Qui</strong></span> <span class='ocrx_word' id='word_1_18' title='bbox 359 747 541 815; x_wconf 86' lang='lat' dir='ltr'><strong>orationem</strong></span> <span class='ocrx_word' id='word_1_19' title='bbox 563 744 649 814; x_wconf 83' lang='lat' dir='ltr'><strong>huuc</strong></span> <span class='ocrx_word' id='word_1_20' title='bbox 668 747 927 840; x_wconf 88' lang='lat' dir='ltr'><strong>scripsit,quam</strong></span> <span class='ocrx_word' id='word_1_21' title='bbox 946 745 1094 814; x_wconf 90' lang='lat' dir='ltr'><strong>dicturus</strong></span> <span class='ocrx_word' id='word_1_22' title='bbox 1115 769 1199 816; x_wconf 86' lang='lat' dir='ltr'><strong>sum.</strong></span> <span class='ocrx_word' id='word_1_23' title='bbox 1311 790 1319 812; x_wconf 83' lang='lat'>.</span> 
     </span>
     <span class='ocr_line' id='line_1_5' title="bbox 270 849 1043 947; baseline -0.008 -21"><span class='ocrx_word' id='word_1_24' title='bbox 270 856 358 926; x_wconf 89' lang='lat' dir='ltr'><strong>Nam</strong></span> <span class='ocrx_word' id='word_1_25' title='bbox 378 851 468 947; x_wconf 91' lang='lat' dir='ltr'><strong>quod</strong></span> <span class='ocrx_word' id='word_1_26' title='bbox 487 875 637 920; x_wconf 88' lang='lat' dir='ltr'><strong>rumores</strong></span> <span class='ocrx_word' id='word_1_27' title='bbox 657 851 856 920; x_wconf 87' lang='lat' dir='ltr'><strong>distulerunt</strong></span> <span class='ocrx_word' id='word_1_28' title='bbox 874 849 1043 934; x_wconf 82' lang='lat' dir='ltr'><strong>malevoli,</strong></span> 
     </span>
    </p>

    <p class='ocr_par' dir='ltr' id='par_1_5' title="bbox 272 956 1028 1042">
     <span class='ocr_line' id='line_1_6' title="bbox 272 956 1028 1042; baseline -0.005 -14"><span class='ocrx_word' id='word_1_29' title='bbox 272 957 397 1028; x_wconf 88' lang='lat' dir='ltr'><strong>Multas</strong></span> <span class='ocrx_word' id='word_1_30' title='bbox 416 959 655 1028; x_wconf 82' lang='lat' dir='ltr'><strong>contaminasse</strong></span> <span class='ocrx_word' id='word_1_31' title='bbox 675 960 827 1042; x_wconf 85' lang='lat' dir='ltr'><strong>Graecas,</strong></span> <span class='ocrx_word' id='word_1_32' title='bbox 850 956 929 1025; x_wconf 92' lang='lat' dir='ltr'><strong>dum</strong></span> <span class='ocrx_word' id='word_1_33' title='bbox 950 956 1028 1026; x_wconf 85' lang='lat' dir='ltr'><strong>facit</strong></span> 
     </span>
    </p>

    <p class='ocr_par' dir='ltr' id='par_1_6' title="bbox 274 1061 1127 1158">
     <span class='ocr_line' id='line_1_7' title="bbox 274 1061 1127 1158; baseline -0.002 -24"><span class='ocrx_word' id='word_1_34' title='bbox 274 1069 399 1134; x_wconf 90' lang='lat' dir='ltr'><strong>Paucas</strong></span> <span class='ocrx_word' id='word_1_35' title='bbox 417 1065 569 1150; x_wconf 86' lang='lat' dir='ltr'><strong>Latinas,</strong></span> <span class='ocrx_word' id='word_1_36' title='bbox 583 1063 616 1131; x_wconf 90' lang='lat' dir='ltr'><strong>id</strong></span> <span class='ocrx_word' id='word_1_37' title='bbox 635 1088 704 1132; x_wconf 89' lang='lat' dir='ltr'><strong>esse</strong></span> <span class='ocrx_word' id='word_1_38' title='bbox 720 1061 845 1132; x_wconf 87' lang='lat' dir='ltr'><strong>factum</strong></span> <span class='ocrx_word' id='word_1_39' title='bbox 859 1062 914 1132; x_wconf 92' lang='lat' dir='ltr'><strong>hic</strong></span> <span class='ocrx_word' id='word_1_40' title='bbox 929 1089 998 1132; x_wconf 93' lang='lat' dir='ltr'><strong>non</strong></span> <span class='ocrx_word' id='word_1_41' title='bbox 1012 1078 1127 1158; x_wconf 84' lang='lat' dir='ltr'><strong>negat,</strong></span> 
     </span>
    </p>

    <p class='ocr_par' dir='ltr' id='par_1_7' title="bbox 274 1168 1204 1266">
     <span class='ocr_line' id='line_1_8' title="bbox 274 1168 1204 1266; baseline -0.002 -28"><span class='ocrx_word' id='word_1_42' title='bbox 274 1174 390 1266; x_wconf 88' lang='lat' dir='ltr'>Neque</span> <span class='ocrx_word' id='word_1_43' title='bbox 405 1195 440 1239; x_wconf 89' lang='lat' dir='ltr'><strong>se</strong></span> <span class='ocrx_word' id='word_1_44' title='bbox 456 1169 489 1237; x_wconf 92' lang='lat' dir='ltr'><strong>id</strong></span> <span class='ocrx_word' id='word_1_45' title='bbox 508 1170 643 1262; x_wconf 81' lang='lat' dir='ltr'>pigere,</span> <span class='ocrx_word' id='word_1_46' title='bbox 660 1183 693 1237; x_wconf 91' lang='lat' dir='ltr'><strong>et</strong></span> <span class='ocrx_word' id='word_1_47' title='bbox 713 1168 831 1238; x_wconf 89' lang='lat' dir='ltr'><strong>deiude</strong></span> <span class='ocrx_word' id='word_1_48' title='bbox 852 1169 1019 1238; x_wconf 85' lang='lat' dir='ltr'><strong>facturum</strong></span> <span class='ocrx_word' id='word_1_49' title='bbox 1040 1185 1204 1239; x_wconf 84' lang='lat' dir='ltr'><strong>autumat.</strong></span> 
     </span>
    </p>
   </div>
   <div class='ocr_carea' id='block_1_3' title="bbox 247 1351 1357 2856">
    <p class='ocr_par' dir='ltr' id='par_1_8' title="bbox 247 1351 1357 2856">
     <span class='ocr_line' id='line_1_9' title="bbox 321 1351 1341 1425; baseline -0.003 -15"><span class='ocrx_word' id='word_1_50' title='bbox 321 1356 367 1410; x_wconf 82' lang='lat'><strong>13.</strong></span> <span class='ocrx_word' id='word_1_51' title='bbox 378 1354 429 1408; x_wconf 82' lang='lat' dir='ltr'><strong>Sed</strong></span> <span class='ocrx_word' id='word_1_52' title='bbox 440 1356 479 1406; x_wconf 74' lang='lat' dir='ltr'><strong>tte</strong></span> <span class='ocrx_word' id='word_1_53' title='bbox 492 1366 570 1410; x_wconf 82' lang='lat' dir='ltr'><strong>ector.</strong></span> <span class='ocrx_word' id='word_1_54' title='bbox 584 1354 637 1407; x_wconf 87' lang='lat' dir='ltr'><strong>Pro</strong></span> <span class='ocrx_word' id='word_1_55' title='bbox 647 1355 692 1405; x_wconf 83' lang='lat' dir='ltr'><strong>sed</strong></span> <span class='ocrx_word' id='word_1_56' title='bbox 699 1355 787 1425; x_wconf 77' lang='lat' dir='ltr'><strong>legeu-</strong></span> <span class='ocrx_word' id='word_1_57' title='bbox 832 1355 908 1408; x_wconf 86' lang='lat' dir='ltr'><strong>estin</strong></span> <span class='ocrx_word' id='word_1_58' title='bbox 919 1353 1052 1408; x_wconf 81' lang='lat' dir='ltr'><strong>diversum</strong></span> <span class='ocrx_word' id='word_1_59' title='bbox 1064 1351 1276 1407; x_wconf 73' lang='lat' dir='ltr'><strong>disseminarunt.</strong></span> <span class='ocrx_word' id='word_1_60' title='bbox 1286 1355 1341 1408; x_wconf 88' lang='lat' dir='ltr'><strong>Ele-</strong></span> 
     </span>
     <span class='ocr_line' id='line_1_10' title="bbox 277 1432 1341 1505; baseline -0.004 -15"><span class='ocrx_word' id='word_1_61' title='bbox 277 1437 342 1490; x_wconf 88' lang='lat' dir='ltr'><strong>dum</strong></span> <span class='ocrx_word' id='word_1_62' title='bbox 356 1434 631 1497; x_wconf 82' lang='lat' dir='ltr'><strong>censetBentleiusri,</strong></span> <span class='ocrx_word' id='word_1_63' title='bbox 643 1432 719 1505; x_wconf 91' lang='lat' dir='ltr'><strong>quod</strong></span> <span class='ocrx_word' id='word_1_64' title='bbox 728 1452 789 1504; x_wconf 85' lang='lat' dir='ltr'><strong>pro·</strong></span> <span class='ocrx_word' id='word_1_65' title='bbox 831 1452 894 1504; x_wconf 75' lang='lat' dir='ltr'><strong>gans</strong></span> <span class='ocrx_word' id='word_1_66' title='bbox 908 1433 1055 1487; x_wconf 85' lang='lat' dir='ltr'><strong>admodum</strong></span> <span class='ocrx_word' id='word_1_67' title='bbox 1075 1433 1175 1486; x_wconf 88' lang='lat' dir='ltr'><strong>locutio</strong></span> <span class='ocrx_word' id='word_1_68' title='bbox 1195 1451 1255 1505; x_wconf 76' lang='lat' dir='ltr'><strong>que</strong></span> <span class='ocrx_word' id='word_1_69' title='bbox 1272 1453 1341 1505; x_wconf 77' lang='lat' dir='ltr'><strong>repe</strong></span> 
     </span>
     <span class='ocr_line' id='line_1_11' title="bbox 247 1511 1332 1584; baseline -0.003 -15"><span class='ocrx_word' id='word_1_70' title='bbox 247 1547 249 1558; x_wconf 83' lang='lat'><em>=</em></span> <span class='ocrx_word' id='word_1_71' title='bbox 277 1521 322 1570; x_wconf 85' lang='lat' dir='ltr'><strong>bat</strong></span> <span class='ocrx_word' id='word_1_72' title='bbox 344 1514 425 1566; x_wconf 88' lang='lat' dir='ltr'><strong>Both.</strong></span> <span class='ocrx_word' id='word_1_73' title='bbox 447 1513 549 1578; x_wconf 77' lang='lat' dir='ltr'><strong>Quaerit</strong></span> <span class='ocrx_word' id='word_1_74' title='bbox 564 1513 703 1568; x_wconf 89' lang='lat' dir='ltr'><strong>Westerh.</strong></span> <span class='ocrx_word' id='word_1_75' title='bbox 723 1531 788 1566; x_wconf 89' lang='lat' dir='ltr'><strong>uum</strong></span> <span class='ocrx_word' id='word_1_76' title='bbox 832 1513 902 1566; x_wconf 89' lang='lat' dir='ltr'><strong>ritur</strong></span> <span class='ocrx_word' id='word_1_77' title='bbox 923 1511 995 1584; x_wconf 81' lang='lat' dir='ltr'><strong>apud</strong></span> <span class='ocrx_word' id='word_1_78' title='bbox 1011 1512 1168 1566; x_wconf 86' lang='lat' dir='ltr'><strong>Lucilium:</strong></span> <span class='ocrx_word' id='word_1_79' title='bbox 1194 1511 1332 1574; x_wconf 51' lang='lat' dir='ltr'><strong>mande,</strong></span> 
     </span>
     <span class='ocr_line' id='line_1_12' title="bbox 279 1590 1342 1664; baseline -0.002 -18"><span class='ocrx_word' id='word_1_80' title='bbox 279 1613 326 1664; x_wconf 86' lang='lat' dir='ltr'><strong>per</strong></span> <span class='ocrx_word' id='word_1_81' title='bbox 339 1592 572 1662; x_wconf 76' lang='lat' dir='ltr'><strong>interrogationem</strong></span> <span class='ocrx_word' id='word_1_82' title='bbox 586 1592 619 1644; x_wconf 84' lang='lat' dir='ltr'><strong>sit</strong></span> <span class='ocrx_word' id='word_1_83' title='bbox 632 1590 790 1662; x_wconf 78' lang='lat' dir='ltr'><strong>legendum:</strong></span> <span class='ocrx_word' id='word_1_84' title='bbox 833 1611 915 1663; x_wconf 88' lang='lat' dir='ltr'><strong>quum</strong></span> <span class='ocrx_word' id='word_1_85' title='bbox 937 1592 971 1646; x_wconf 90' lang='lat' dir='ltr'><strong>de</strong></span> <span class='ocrx_word' id='word_1_86' title='bbox 989 1611 1032 1644; x_wconf 90' lang='lat' dir='ltr'><strong>me</strong></span> <span class='ocrx_word' id='word_1_87' title='bbox 1045 1593 1094 1644; x_wconf 83' lang='lat' dir='ltr'><strong>iste</strong></span> <span class='ocrx_word' id='word_1_88' title='bbox 1106 1591 1170 1644; x_wconf 81' lang='lat' dir='ltr'><strong>toris</strong></span> <span class='ocrx_word' id='word_1_89' title='bbox 1183 1593 1342 1644; x_wconf 86' lang='lat' dir='ltr'><strong>sermonibu&#39;</strong></span> 
     </span>
     <span class='ocr_line' id='line_1_13' title="bbox 279 1665 1341 1743; baseline -0.002 -17"><span class='ocrx_word' id='word_1_90' title='bbox 279 1671 341 1726; x_wconf 82' lang='lat' dir='ltr'><strong>Sed·</strong></span> <span class='ocrx_word' id='word_1_91' title='bbox 353 1707 360 1721; x_wconf 85' lang='lat'><strong>·</strong></span> <span class='ocrx_word' id='word_1_92' title='bbox 373 1672 492 1726; x_wconf 63' lang='lat' dir='ltr'><strong>mutuus</strong></span> <span class='ocrx_word' id='word_1_93' title='bbox 509 1665 580 1722; x_wconf 76' lang='lat' dir='ltr'><strong>sum?</strong></span> <span class='ocrx_word' id='word_1_94' title='bbox 594 1673 698 1723; x_wconf 85' lang='lat' dir='ltr'><strong>—Hic</strong></span> <span class='ocrx_word' id='word_1_95' title='bbox 714 1684 789 1742; x_wconf 66' lang='lat' dir='ltr'><strong>cetos.</strong></span> <span class='ocrx_word' id='word_1_96' title='bbox 833 1672 927 1739; x_wconf 76' lang='lat' dir='ltr'><strong>dsffirs.</strong></span> <span class='ocrx_word' id='word_1_97' title='bbox 939 1698 951 1722; x_wconf 80' lang='grc' dir='ltr'>ι</span> <span class='ocrx_word' id='word_1_98' title='bbox 962 1685 988 1726; x_wconf 90' lang='lat' dir='ltr'><strong>et</strong></span> <span class='ocrx_word' id='word_1_99' title='bbox 997 1673 1075 1724; x_wconf 89' lang='lat' dir='ltr'><strong>Varr.</strong></span> <span class='ocrx_word' id='word_1_100' title='bbox 1085 1669 1120 1724; x_wconf 90' lang='lat' dir='ltr'><strong>de</strong></span> <span class='ocrx_word' id='word_1_101' title='bbox 1129 1671 1184 1724; x_wconf 88' lang='lat' dir='ltr'><strong>vita</strong></span> <span class='ocrx_word' id='word_1_102' title='bbox 1192 1671 1259 1743; x_wconf 89' lang='lat' dir='ltr'><strong>Pop.</strong></span> <span class='ocrx_word' id='word_1_103' title='bbox 1268 1673 1341 1724; x_wconf 82' lang='lat' dir='ltr'><strong>Rom.</strong></span> 
     </span>
     <span class='ocr_line' id='line_1_14' title="bbox 280 1750 1344 1825; baseline -0.002 -20"><span class='ocrx_word' id='word_1_104' title='bbox 280 1753 352 1825; x_wconf 85' lang='lat' dir='ltr'><strong>Ego,</strong></span> <span class='ocrx_word' id='word_1_105' title='bbox 374 1752 421 1823; x_wconf 87' lang='lat' dir='ltr'><strong>qui</strong></span> <span class='ocrx_word' id='word_1_106' title='bbox 442 1750 596 1822; x_wconf 87' lang='lat' dir='ltr'><strong>proloquor.</strong></span> <span class='ocrx_word' id='word_1_107' title='bbox 609 1752 754 1804; x_wconf 81' lang='lat' dir='ltr'><strong>-Poterit</strong></span> <span class='ocrx_word' id='word_1_108' title='bbox 774 1772 791 1802; x_wconf 84' lang='lat' dir='ltr'><strong><em>a</em></strong></span> <span class='ocrx_word' id='word_1_109' title='bbox 838 1753 985 1806; x_wconf 77' lang='lat' dir='ltr'><strong>«Rumores</strong></span> <span class='ocrx_word' id='word_1_110' title='bbox 1003 1751 1101 1805; x_wconf 84' lang='lat' dir='ltr'><strong>famam</strong></span> <span class='ocrx_word' id='word_1_111' title='bbox 1114 1752 1233 1818; x_wconf 79' lang='lat' dir='ltr'><strong>diffimmt</strong></span> <span class='ocrx_word' id='word_1_112' title='bbox 1245 1751 1344 1818; x_wconf 76' lang='lat' dir='ltr'><strong>licebit,</strong></span> 
     </span>
     <span class='ocr_line' id='line_1_15' title="bbox 276 1830 1347 1902; baseline -0.002 -18"><span class='ocrx_word' id='word_1_113' title='bbox 276 1832 396 1902; x_wconf 83' lang='lat' dir='ltr'><strong>saeuudia</strong></span> <span class='ocrx_word' id='word_1_114' title='bbox 416 1849 423 1884; x_wconf 80' lang='lat' dir='ltr'><strong>t</strong></span> <span class='ocrx_word' id='word_1_115' title='bbox 449 1857 461 1879; x_wconf 77' lang='grc' dir='ltr'>ι</span> <span class='ocrx_word' id='word_1_116' title='bbox 482 1830 593 1901; x_wconf 78' lang='lat' dir='ltr'><strong>Propter</strong></span> <span class='ocrx_word' id='word_1_117' title='bbox 611 1831 792 1901; x_wconf 76' lang='lat' dir='ltr'><strong>eloquentiam</strong></span> <span class='ocrx_word' id='word_1_118' title='bbox 835 1849 937 1902; x_wconf 62' lang='lat' dir='ltr'><strong>noque</strong></span> <span class='ocrx_word' id='word_1_119' title='bbox 952 1831 1278 1901; x_wconf 40' lang='lat' dir='ltr'><strong>carpenta-attatum.</strong></span> <span class='ocrx_word' id='word_1_120' title='bbox 1294 1831 1347 1882; x_wconf 88' lang='lat' dir='ltr'><strong>Nu·</strong></span> 
     </span>
     <span class='ocr_line' id='line_1_16' title="bbox 282 1909 1345 1982; baseline -0.004 -17"><span class='ocrx_word' id='word_1_121' title='bbox 282 1909 567 1981; x_wconf 73' lang='lat' dir='ltr'><strong>vatebit..1&gt;rcposiuo</strong></span> <span class='ocrx_word' id='word_1_122' title='bbox 577 1930 593 1962; x_wconf 87' lang='lat' dir='ltr'><strong><em>a</em></strong></span> <span class='ocrx_word' id='word_1_123' title='bbox 603 1911 733 1981; x_wconf 69' lang='lat' dir='ltr'><strong>eleganter</strong></span> <span class='ocrx_word' id='word_1_124' title='bbox 742 1929 792 1981; x_wconf 89' lang='lat' dir='ltr'><strong>po·</strong></span> <span class='ocrx_word' id='word_1_125' title='bbox 835 1929 910 1964; x_wconf 89' lang='lat' dir='ltr'><strong>mero</strong></span> <span class='ocrx_word' id='word_1_126' title='bbox 923 1911 1020 1982; x_wconf 84' lang='lat' dir='ltr'><strong>plurali</strong></span> <span class='ocrx_word' id='word_1_127' title='bbox 1036 1911 1122 1964; x_wconf 87' lang='lat' dir='ltr'><strong>utitur</strong></span> <span class='ocrx_word' id='word_1_128' title='bbox 1136 1929 1188 1981; x_wconf 89' lang='lat' dir='ltr'><strong>pro</strong></span> <span class='ocrx_word' id='word_1_129' title='bbox 1204 1909 1345 1981; x_wconf 77' lang='lat' dir='ltr'><strong>singulari,</strong></span> 
     </span>
     <span class='ocr_line' id='line_1_17' title="bbox 282 1986 1348 2063; baseline 0 -19"><span class='ocrx_word' id='word_1_130' title='bbox 282 1993 357 2045; x_wconf 87' lang='lat' dir='ltr'><strong>nitur</strong></span> <span class='ocrx_word' id='word_1_131' title='bbox 369 2011 419 2063; x_wconf 91' lang='lat' dir='ltr'><strong>pro</strong></span> <span class='ocrx_word' id='word_1_132' title='bbox 429 1986 517 2061; x_wconf 67' lang='lat' dir='ltr'><strong>uquod</strong></span> <span class='ocrx_word' id='word_1_133' title='bbox 527 1989 621 2042; x_wconf 82' lang='lat' dir='ltr'><strong>attinet</strong></span> <span class='ocrx_word' id='word_1_134' title='bbox 628 1987 690 2044; x_wconf 84' lang='lat' dir='ltr'><strong>ed.»</strong></span> <span class='ocrx_word' id='word_1_135' title='bbox 698 1991 722 2042; x_wconf 87' lang='lat' dir='ltr'><em>T</em></span> <span class='ocrx_word' id='word_1_136' title='bbox 721 1990 794 2044; x_wconf 84' lang='lat' dir='ltr'><strong>ursel·</strong></span> <span class='ocrx_word' id='word_1_137' title='bbox 837 2009 872 2044; x_wconf 87' lang='lat' dir='ltr'><strong>so.</strong></span> <span class='ocrx_word' id='word_1_138' title='bbox 885 1991 980 2044; x_wconf 83' lang='lat' dir='ltr'><strong>veteris</strong></span> <span class='ocrx_word' id='word_1_139' title='bbox 990 2003 1082 2062; x_wconf 80' lang='lat' dir='ltr'><strong>poetes.</strong></span> <span class='ocrx_word' id='word_1_140' title='bbox 1090 1989 1157 2042; x_wconf 81' lang='lat' dir='ltr'><strong>vid.</strong></span> <span class='ocrx_word' id='word_1_141' title='bbox 1169 1989 1255 2043; x_wconf 75' lang='lat' dir='ltr'><strong>Andr.</strong></span> <span class='ocrx_word' id='word_1_142' title='bbox 1269 1993 1296 2042; x_wconf 86' lang='grc'><strong>6.</strong></span> <span class='ocrx_word' id='word_1_143' title='bbox 1308 1990 1348 2044; x_wconf 89' lang='lat' dir='ltr'><strong>Ne</strong></span> 
     </span>
     <span class='ocr_line' id='line_1_18' title="bbox 285 2068 1348 2140; baseline -0.001 -17"><span class='ocrx_word' id='word_1_144' title='bbox 285 2073 328 2124; x_wconf 83' lang='lat' dir='ltr'><strong>liu.</strong></span> <span class='ocrx_word' id='word_1_145' title='bbox 338 2101 378 2114; x_wconf 83' lang='lat'><strong>--</strong></span> <span class='ocrx_word' id='word_1_146' title='bbox 389 2070 492 2123; x_wconf 77' lang='lat' dir='ltr'><strong>Tantum</strong></span> <span class='ocrx_word' id='word_1_147' title='bbox 500 2073 728 2140; x_wconf 58' lang='lat' dir='ltr'><strong>poteritquautm</strong></span> <span class='ocrx_word' id='word_1_148' title='bbox 741 2082 791 2124; x_wconf 86' lang='lat' dir='ltr'><strong>etc.</strong></span> <span class='ocrx_word' id='word_1_149' title='bbox 838 2081 924 2124; x_wconf 82' lang='lat' dir='ltr'><strong>eutem</strong></span> <span class='ocrx_word' id='word_1_150' title='bbox 940 2071 1038 2124; x_wconf 77' lang='lat' dir='ltr'><strong>referet</strong></span> <span class='ocrx_word' id='word_1_151' title='bbox 1053 2070 1163 2121; x_wconf 76' lang='lat' dir='ltr'><strong>malevoli</strong></span> <span class='ocrx_word' id='word_1_152' title='bbox 1176 2068 1211 2122; x_wconf 79' lang='lat' dir='ltr'><strong>nd</strong></span> <span class='ocrx_word' id='word_1_153' title='bbox 1231 2089 1348 2135; x_wconf 71' lang='lat' dir='ltr'><strong>rumores,</strong></span> 
     </span>
     <span class='ocr_line' id='line_1_19' title="bbox 289 2147 1330 2221; baseline 0.002 -21"><span class='ocrx_word' id='word_1_154' title='bbox 289 2153 370 2204; x_wconf 74' lang='lat' dir='ltr'><strong>«Fam</strong></span> <span class='ocrx_word' id='word_1_155' title='bbox 381 2147 520 2212; x_wconf 78' lang='lat' dir='ltr'><strong>recitando</strong></span> <span class='ocrx_word' id='word_1_156' title='bbox 528 2149 738 2204; x_wconf 83' lang='lat' dir='ltr'><strong>benevolentium</strong></span> <span class='ocrx_word' id='word_1_157' title='bbox 748 2150 794 2202; x_wconf 92' lang='lat' dir='ltr'><strong>ob·</strong></span> <span class='ocrx_word' id='word_1_158' title='bbox 839 2161 868 2202; x_wconf 89' lang='lat' dir='ltr'><strong>ut</strong></span> <span class='ocrx_word' id='word_1_159' title='bbox 879 2149 939 2202; x_wconf 81' lang='lat' dir='ltr'><strong>lieri</strong></span> <span class='ocrx_word' id='word_1_160' title='bbox 951 2167 1026 2220; x_wconf 80' lang='lat' dir='ltr'><strong>posse</strong></span> <span class='ocrx_word' id='word_1_161' title='bbox 1037 2147 1138 2203; x_wconf 84' lang='lat' dir='ltr'><strong>indicat</strong></span> <span class='ocrx_word' id='word_1_162' title='bbox 1148 2149 1330 2221; x_wconf 73' lang='lat' dir='ltr'><strong>Eugraphius.</strong></span> 
     </span>
     <span class='ocr_line' id='line_1_20' title="bbox 286 2228 1352 2301; baseline -0.001 -18"><span class='ocrx_word' id='word_1_163' title='bbox 286 2231 390 2294; x_wconf 88' lang='lat' dir='ltr'><strong>tinebit,</strong></span> <span class='ocrx_word' id='word_1_164' title='bbox 396 2249 475 2301; x_wconf 85' lang='lat' dir='ltr'><strong>quam</strong></span> <span class='ocrx_word' id='word_1_165' title='bbox 481 2228 578 2280; x_wconf 82' lang='lat' dir='ltr'><strong>mereri</strong></span> <span class='ocrx_word' id='word_1_166' title='bbox 585 2239 694 2298; x_wconf 86' lang='lat' dir='ltr'><strong>possunt</strong></span> <span class='ocrx_word' id='word_1_167' title='bbox 702 2247 731 2281; x_wconf 80' lang='lat' dir='ltr'><strong>ea</strong></span> <span class='ocrx_word' id='word_1_168' title='bbox 737 2247 796 2299; x_wconf 81' lang='lat' dir='ltr'><strong>qum</strong></span> <span class='ocrx_word' id='word_1_169' title='bbox 883 2247 924 2298; x_wconf 87' lang='lat'><strong>¹7·</strong></span> <span class='ocrx_word' id='word_1_170' title='bbox 939 2229 1006 2281; x_wconf 86' lang='lat' dir='ltr'><strong>Dum</strong></span> <span class='ocrx_word' id='word_1_171' title='bbox 1018 2229 1084 2295; x_wconf 80' lang='lat' dir='ltr'><strong>fucit</strong></span> <span class='ocrx_word' id='word_1_172' title='bbox 1098 2248 1170 2297; x_wconf 79' lang='lat' dir='ltr'><strong>perse.</strong></span> <span class='ocrx_word' id='word_1_173' title='bbox 1186 2230 1271 2281; x_wconf 77' lang='lat' dir='ltr'><strong>Latin.</strong></span> <span class='ocrx_word' id='word_1_174' title='bbox 1284 2229 1352 2282; x_wconf 88' lang='lat' dir='ltr'><strong>Seu·</strong></span> 
     </span>
     <span class='ocr_line' id='line_1_21' title="bbox 285 2305 1352 2379; baseline -0.001 -16"><span class='ocrx_word' id='word_1_175' title='bbox 285 2309 427 2363; x_wconf 80' lang='lat' dir='ltr'><strong>Terentius</strong></span> <span class='ocrx_word' id='word_1_176' title='bbox 435 2305 560 2378; x_wconf 75' lang='lat' dir='ltr'><strong>cogitavit</strong></span> <span class='ocrx_word' id='word_1_177' title='bbox 568 2319 593 2358; x_wconf 88' lang='lat' dir='ltr'><strong>et</strong></span> <span class='ocrx_word' id='word_1_178' title='bbox 603 2308 717 2379; x_wconf 90' lang='lat' dir='ltr'><strong>scripsit.</strong></span> <span class='ocrx_word' id='word_1_179' title='bbox 724 2333 735 2354; x_wconf 83' lang='grc' dir='ltr'>ι</span> <span class='ocrx_word' id='word_1_180' title='bbox 751 2309 796 2360; x_wconf 84' lang='lat' dir='ltr'><strong>ln·</strong></span> <span class='ocrx_word' id='word_1_181' title='bbox 840 2327 900 2372; x_wconf 87' lang='lat' dir='ltr'><strong>sus,</strong></span> <span class='ocrx_word' id='word_1_182' title='bbox 911 2309 948 2360; x_wconf 81' lang='lat' dir='ltr'><strong>ait</strong></span> <span class='ocrx_word' id='word_1_183' title='bbox 958 2310 1040 2361; x_wconf 89' lang='lat' dir='ltr'><strong>Zeun.</strong></span> <span class='ocrx_word' id='word_1_184' title='bbox 1047 2307 1152 2362; x_wconf 86' lang='lat' dir='ltr'><strong>videtur</strong></span> <span class='ocrx_word' id='word_1_185' title='bbox 1162 2307 1352 2362; x_wconf 79' lang='lat' dir='ltr'><strong>commendare</strong></span> 
     </span>
     <span class='ocr_line' id='line_1_22' title="bbox 288 2383 1354 2459; baseline -0.001 -18"><span class='ocrx_word' id='word_1_186' title='bbox 288 2388 407 2459; x_wconf 84' lang='lat' dir='ltr'><strong>geuiosus</strong></span> <span class='ocrx_word' id='word_1_187' title='bbox 429 2399 468 2440; x_wconf 86' lang='lat' dir='ltr'><strong>est</strong></span> <span class='ocrx_word' id='word_1_188' title='bbox 490 2383 730 2450; x_wconf 77' lang='lat' dir='ltr'><strong>diceudi&#39;modus,</strong></span> <span class='ocrx_word' id='word_1_189' title='bbox 750 2406 797 2458; x_wconf 88' lang='lat' dir='ltr'><strong>per</strong></span> <span class='ocrx_word' id='word_1_190' title='bbox 840 2387 982 2440; x_wconf 89' lang='lat' dir='ltr'><strong>lectionem</strong></span> <span class='ocrx_word' id='word_1_191' title='bbox 995 2388 1197 2458; x_wconf 79' lang='lat' dir='ltr'><strong>Fcerni‚quam</strong></span> <span class='ocrx_word' id='word_1_192' title='bbox 1205 2389 1354 2459; x_wconf 78' lang='lat' dir='ltr'><strong>Bentquo-</strong></span> 
     </span>
     <span class='ocr_line' id='line_1_23' title="bbox 288 2465 1353 2539; baseline -0.002 -19"><span class='ocrx_word' id='word_1_193' title='bbox 288 2486 368 2539; x_wconf 89' lang='lat' dir='ltr'><strong>quem</strong></span> <span class='ocrx_word' id='word_1_194' title='bbox 382 2480 454 2519; x_wconf 81' lang='lat' dir='ltr'><strong>ector</strong></span> <span class='ocrx_word' id='word_1_195' title='bbox 465 2465 606 2537; x_wconf 83' lang='lat' dir='ltr'><strong>profitetur</strong></span> <span class='ocrx_word' id='word_1_196' title='bbox 611 2465 752 2520; x_wconf 76' lang='lat' dir='ltr'><strong>Terentius</strong></span> <span class='ocrx_word' id='word_1_197' title='bbox 768 2485 798 2520; x_wconf 86' lang='lat' dir='ltr'><strong>es</strong></span> <span class='ocrx_word' id='word_1_198' title='bbox 841 2485 894 2538; x_wconf 86' lang='lat' dir='ltr'><strong>que</strong></span> <span class='ocrx_word' id='word_1_199' title='bbox 907 2480 1010 2520; x_wconf 85' lang='lat' dir='ltr'><strong>secutus</strong></span> <span class='ocrx_word' id='word_1_200' title='bbox 1022 2480 1075 2528; x_wconf 87' lang='lat' dir='ltr'><strong>est,</strong></span> <span class='ocrx_word' id='word_1_201' title='bbox 1083 2469 1159 2532; x_wconf 76' lang='lat' dir='ltr'><strong>fecit,</strong></span> <span class='ocrx_word' id='word_1_202' title='bbox 1175 2485 1225 2538; x_wconf 89' lang='lat' dir='ltr'><strong>pro</strong></span> <span class='ocrx_word' id='word_1_203' title='bbox 1232 2469 1304 2534; x_wconf 72' lang='lat' dir='ltr'><strong>seruit.</strong></span> <span class='ocrx_word' id='word_1_204' title='bbox 1313 2499 1353 2507; x_wconf 89' lang='lat'>—</span> 
     </span>
     <span class='ocr_line' id='line_1_24' title="bbox 289 2542 1354 2617; baseline 0 -17"><span class='ocrx_word' id='word_1_205' title='bbox 289 2546 441 2616; x_wconf 78' lang='lat' dir='ltr'><strong>cogitavisse</strong></span> <span class='ocrx_word' id='word_1_206' title='bbox 457 2563 515 2617; x_wconf 84' lang='lat' dir='ltr'><strong>quse</strong></span> <span class='ocrx_word' id='word_1_207' title='bbox 536 2543 592 2614; x_wconf 89' lang='lat' dir='ltr'><strong>ipse</strong></span> <span class='ocrx_word' id='word_1_208' title='bbox 610 2542 729 2602; x_wconf 87' lang='lat' dir='ltr'><strong>dicturus</strong></span> <span class='ocrx_word' id='word_1_209' title='bbox 743 2558 799 2612; x_wconf 88' lang='lat' dir='ltr'><strong>est,</strong></span> <span class='ocrx_word' id='word_1_210' title='bbox 842 2545 936 2599; x_wconf 82' lang='lat' dir='ltr'><strong>Multas</strong></span> <span class='ocrx_word' id='word_1_211' title='bbox 944 2545 1268 2600; x_wconf 62' lang='lat' dir='ltr'><strong>wiumuassecmasue</strong></span> <span class='ocrx_word' id='word_1_212' title='bbox 1278 2547 1354 2600; x_wconf 72' lang='lat' dir='ltr'><strong>Gre-</strong></span> 
     </span>
     <span class='ocr_line' id='line_1_25' title="bbox 291 2624 1353 2696; baseline -0.004 -16"><span class='ocrx_word' id='word_1_213' title='bbox 291 2639 319 2680; x_wconf 88' lang='lat' dir='ltr'><strong>et</strong></span> <span class='ocrx_word' id='word_1_214' title='bbox 337 2645 386 2696; x_wconf 88' lang='lat' dir='ltr'><strong>per</strong></span> <span class='ocrx_word' id='word_1_215' title='bbox 402 2643 482 2695; x_wconf 89' lang='lat' dir='ltr'><strong>quem</strong></span> <span class='ocrx_word' id='word_1_216' title='bbox 496 2635 623 2694; x_wconf 71' lang='lat' dir='ltr'><strong>preterea</strong></span> <span class='ocrx_word' id='word_1_217' title='bbox 639 2625 690 2678; x_wconf 89' lang='lat' dir='ltr'><strong>sibi</strong></span> <span class='ocrx_word' id='word_1_218' title='bbox 706 2627 800 2680; x_wconf 84' lang='lat' dir='ltr'><strong>melius</strong></span> <span class='ocrx_word' id='word_1_219' title='bbox 843 2645 877 2678; x_wconf 95' lang='lat' dir='ltr'><strong>co</strong></span> <span class='ocrx_word' id='word_1_220' title='bbox 897 2624 1038 2680; x_wconf 82' lang='lat' dir='ltr'><strong>comoedias</strong></span> <span class='ocrx_word' id='word_1_221' title='bbox 1054 2626 1117 2679; x_wconf 78' lang='lat' dir='ltr'><strong>elias</strong></span> <span class='ocrx_word' id='word_1_222' title='bbox 1132 2626 1191 2678; x_wconf 86' lang='lat' dir='ltr'><strong>aliis</strong></span> <span class='ocrx_word' id='word_1_223' title='bbox 1209 2625 1353 2680; x_wconf 74' lang='lat' dir='ltr'><strong>miscuisse.</strong></span> 
     </span>
     <span class='ocr_line' id='line_1_26' title="bbox 291 2703 1357 2777; baseline 0 -17"><span class='ocrx_word' id='word_1_224' title='bbox 291 2704 454 2760; x_wconf 85' lang='lat' dir='ltr'><strong>audientiam</strong></span> <span class='ocrx_word' id='word_1_225' title='bbox 472 2716 556 2776; x_wconf 86' lang='lat' dir='ltr'><strong>parat.</strong></span> <span class='ocrx_word' id='word_1_226' title='bbox 570 2705 693 2759; x_wconf 78' lang='lat' dir='ltr'><strong>Attamen</strong></span> <span class='ocrx_word' id='word_1_227' title='bbox 708 2706 801 2758; x_wconf 84' lang='lat' dir='ltr'><strong>volunt</strong></span> <span class='ocrx_word' id='word_1_228' title='bbox 844 2705 896 2756; x_wconf 86' lang='lat' dir='ltr'><strong>llio</strong></span> <span class='ocrx_word' id='word_1_229' title='bbox 909 2723 1031 2776; x_wconf 88' lang='lat' dir='ltr'><strong>quoque,</strong></span> <span class='ocrx_word' id='word_1_230' title='bbox 1046 2718 1077 2758; x_wconf 89' lang='lat' dir='ltr'><strong>ut</strong></span> <span class='ocrx_word' id='word_1_231' title='bbox 1088 2703 1158 2758; x_wconf 79' lang='lat' dir='ltr'><strong>And.</strong></span> <span class='ocrx_word' id='word_1_232' title='bbox 1175 2709 1227 2770; x_wconf 84' lang='grc' dir='ltr'><strong>ιδ,</strong></span> <span class='ocrx_word' id='word_1_233' title='bbox 1244 2719 1357 2777; x_wconf 73' lang='lat' dir='ltr'><strong>apparet</strong></span> 
     </span>
     <span class='ocr_line' id='line_1_27' title="bbox 293 2781 1356 2856; baseline 0 -18"><span class='ocrx_word' id='word_1_234' title='bbox 293 2783 401 2856; x_wconf 88' lang='lat' dir='ltr'><strong>quidum</strong></span> <span class='ocrx_word' id='word_1_235' title='bbox 409 2781 802 2838; x_wconf 82' lang='lat' dir='ltr'><strong>commendationemcssesum·</strong></span> <span class='ocrx_word' id='word_1_236' title='bbox 844 2782 914 2837; x_wconf 88' lang='lat' dir='ltr'><strong>nihil</strong></span> <span class='ocrx_word' id='word_1_237' title='bbox 932 2785 1021 2837; x_wconf 85' lang='lat' dir='ltr'><strong>acerbi</strong></span> <span class='ocrx_word' id='word_1_238' title='bbox 1037 2785 1118 2840; x_wconf 87' lang='lat' dir='ltr'><strong>latere</strong></span> <span class='ocrx_word' id='word_1_239' title='bbox 1133 2785 1182 2837; x_wconf 82' lang='lat' dir='ltr'><strong>sub</strong></span> <span class='ocrx_word' id='word_1_240' title='bbox 1200 2786 1284 2838; x_wconf 83' lang='lat' dir='ltr'><strong>verbo</strong></span> <span class='ocrx_word' id='word_1_241' title='bbox 1300 2806 1356 2838; x_wconf 82' lang='lat' dir='ltr'><strong>cors·</strong></span> 
     </span>
    </p>
   </div>
   <div class='ocr_carea' id='block_1_4' title="bbox 295 2865 1472 2936">
    <p class='ocr_par' dir='ltr' id='par_1_9' title="bbox 295 2865 1472 2936">
     <span class='ocr_line' id='line_1_28' title="bbox 295 2865 1472 2936; baseline 0 -18"><span class='ocrx_word' id='word_1_242' title='bbox 295 2877 370 2936; x_wconf 76' lang='lat' dir='ltr'><strong>ptem</strong></span> <span class='ocrx_word' id='word_1_243' title='bbox 387 2882 404 2916; x_wconf 84' lang='lat' dir='ltr'><strong>a</strong></span> <span class='ocrx_word' id='word_1_244' title='bbox 420 2881 531 2934; x_wconf 86' lang='lat' dir='ltr'><strong>persona</strong></span> <span class='ocrx_word' id='word_1_245' title='bbox 546 2865 642 2916; x_wconf 79' lang='lat' dir='ltr'><strong>actoris</strong></span> <span class='ocrx_word' id='word_1_246' title='bbox 660 2877 687 2918; x_wconf 88' lang='lat' dir='ltr'><strong>et</strong></span> <span class='ocrx_word' id='word_1_247' title='bbox 699 2877 801 2935; x_wconf 69' lang='lat' dir='ltr'><strong>poete,</strong></span> <span class='ocrx_word' id='word_1_248' title='bbox 846 2867 979 2926; x_wconf 76' lang='lat' dir='ltr'><strong>taminare,</strong></span> <span class='ocrx_word' id='word_1_249' title='bbox 1008 2883 1059 2918; x_wconf 87' lang='lat' dir='ltr'><strong>nec</strong></span> <span class='ocrx_word' id='word_1_250' title='bbox 1085 2865 1161 2916; x_wconf 87' lang='lat' dir='ltr'><strong>innui</strong></span> <span class='ocrx_word' id='word_1_251' title='bbox 1179 2866 1355 2918; x_wconf 79' lang='lat' dir='ltr'><strong>¹confusionis</strong></span> <span class='ocrx_word' id='word_1_252' title='bbox 1471 2909 1472 2912; x_wconf 15' lang='grc' dir='ltr'>η</span> 
     </span>
    </p>
   </div>
   <div class='ocr_carea' id='block_1_5' title="bbox 293 2941 1360 4138">
    <p class='ocr_par' dir='ltr' id='par_1_10' title="bbox 293 2941 1360 4138">
     <span class='ocr_line' id='line_1_29' title="bbox 295 2941 1357 3016; baseline 0.001 -19"><span class='ocrx_word' id='word_1_253' title='bbox 295 2944 384 2998; x_wconf 79' lang='lat' dir='ltr'><strong>eriere</strong></span> <span class='ocrx_word' id='word_1_254' title='bbox 393 2944 539 3014; x_wconf 58' lang='lat' dir='ltr'><strong>explicant:</strong></span> <span class='ocrx_word' id='word_1_255' title='bbox 553 2943 801 3015; x_wconf 79' lang='lat' dir='ltr'><strong>«Nondegeuercbo</strong></span> <span class='ocrx_word' id='word_1_256' title='bbox 846 2943 963 3004; x_wconf 72' lang='lat' dir='ltr'><strong>malum,</strong></span> <span class='ocrx_word' id='word_1_257' title='bbox 976 2942 1073 3016; x_wconf 75' lang='lat' dir='ltr'><strong>redegi</strong></span> <span class='ocrx_word' id='word_1_258' title='bbox 1086 2942 1171 2996; x_wconf 85' lang='lat' dir='ltr'><strong>solum</strong></span> <span class='ocrx_word' id='word_1_259' title='bbox 1186 2941 1221 2996; x_wconf 90' lang='lat' dir='ltr'><strong>de</strong></span> <span class='ocrx_word' id='word_1_260' title='bbox 1237 2945 1296 3014; x_wconf 82' lang='lat' dir='ltr'><strong>ipsa</strong></span> <span class='ocrx_word' id='word_1_261' title='bbox 1313 2963 1357 2998; x_wconf 89' lang='lat' dir='ltr'><strong>co·</strong></span> 
     </span>
     <span class='ocr_line' id='line_1_30' title="bbox 293 3021 1356 3094; baseline 0 -18"><span class='ocrx_word' id='word_1_262' title='bbox 293 3025 370 3080; x_wconf 79' lang='lat' dir='ltr'><strong>abeo</strong></span> <span class='ocrx_word' id='word_1_263' title='bbox 384 3022 430 3092; x_wconf 87' lang='lat' dir='ltr'><strong>qui</strong></span> <span class='ocrx_word' id='word_1_264' title='bbox 447 3021 600 3092; x_wconf 79' lang='lat' dir='ltr'><strong>cogitarit·</strong></span> <span class='ocrx_word' id='word_1_265' title='bbox 847 3021 1004 3076; x_wconf 82' lang='lat' dir='ltr'><strong>moediurum</strong></span> <span class='ocrx_word' id='word_1_266' title='bbox 1014 3024 1136 3076; x_wconf 82' lang='lat' dir='ltr'><strong>mixtura.</strong></span> <span class='ocrx_word' id='word_1_267' title='bbox 1146 3022 1248 3094; x_wconf 86' lang='lat' dir='ltr'><strong>Siquid</strong></span> <span class='ocrx_word' id='word_1_268' title='bbox 1257 3043 1356 3094; x_wconf 87' lang='lat' dir='ltr'><strong>nempe</strong></span> 
     </span>
     <span class='ocr_line' id='line_1_31' title="bbox 339 3101 1358 3174; baseline -0.003 -18"><span class='ocrx_word' id='word_1_269' title='bbox 339 3108 383 3166; x_wconf 74' lang='lat'><strong>14.</strong></span> <span class='ocrx_word' id='word_1_270' title='bbox 405 3101 541 3155; x_wconf 76' lang='lat' dir='ltr'><strong>Commode.</strong></span> <span class='ocrx_word' id='word_1_271' title='bbox 559 3101 646 3164; x_wconf 85' lang='lat' dir='ltr'><strong>Bene,</strong></span> <span class='ocrx_word' id='word_1_272' title='bbox 662 3103 801 3174; x_wconf 77' lang='lat' dir='ltr'><strong>eleganter.</strong></span> <span class='ocrx_word' id='word_1_273' title='bbox 847 3103 910 3156; x_wconf 83' lang='lat' dir='ltr'><strong>mali</strong></span> <span class='ocrx_word' id='word_1_274' title='bbox 922 3116 1003 3167; x_wconf 84' lang='lat' dir='ltr'><strong>esset,</strong></span> <span class='ocrx_word' id='word_1_275' title='bbox 1014 3123 1068 3157; x_wconf 90' lang='lat' dir='ltr'><strong>non</strong></span> <span class='ocrx_word' id='word_1_276' title='bbox 1079 3103 1207 3156; x_wconf 80' lang='lat' dir='ltr'><strong>fateretur</strong></span> <span class='ocrx_word' id='word_1_277' title='bbox 1216 3103 1358 3158; x_wconf 76' lang='lat' dir='ltr'><strong>Terentius</strong></span> 
     </span>
     <span class='ocr_line' id='line_1_32' title="bbox 296 3181 1101 3256; baseline 0 -20"><span class='ocrx_word' id='word_1_278' title='bbox 296 3184 394 3236; x_wconf 78' lang='lat' dir='ltr'><strong>Noster</strong></span> <span class='ocrx_word' id='word_1_279' title='bbox 402 3181 499 3256; x_wconf 68' lang='lat' dir='ltr'><strong>Hecyr.</strong></span> <span class='ocrx_word' id='word_1_280' title='bbox 512 3184 573 3235; x_wconf 86' lang='lat'><strong>108.</strong></span> <span class='ocrx_word' id='word_1_281' title='bbox 584 3182 689 3236; x_wconf 85' lang='lat' dir='ltr'><strong>Cornel.</strong></span> <span class='ocrx_word' id='word_1_282' title='bbox 702 3183 803 3255; x_wconf 86' lang='lat' dir='ltr'><strong>Nepos,</strong></span> <span class='ocrx_word' id='word_1_283' title='bbox 848 3183 875 3234; x_wconf 81' lang='lat' dir='ltr'><strong>id</strong></span> <span class='ocrx_word' id='word_1_284' title='bbox 883 3185 1034 3251; x_wconf 84' lang='lat' dir='ltr'><strong>ersesactum</strong></span> <span class='ocrx_word' id='word_1_285' title='bbox 1044 3203 1101 3236; x_wconf 84' lang='lat' dir='ltr'><strong>ase.</strong></span> 
     </span>
     <span class='ocr_line' id='line_1_33' title="bbox 296 3255 1357 3332; baseline -0.002 -16"><span class='ocrx_word' id='word_1_286' title='bbox 296 3261 399 3316; x_wconf 68' lang='lat' dir='ltr'><strong>Prselm.</strong></span> <span class='ocrx_word' id='word_1_287' title='bbox 416 3255 533 3314; x_wconf 76' lang='lat' dir='ltr'><strong>«Saltare</strong></span> <span class='ocrx_word' id='word_1_288' title='bbox 544 3263 688 3315; x_wconf 78' lang='lat' dir='ltr'><strong>commode.»</strong></span> <span class='ocrx_word' id='word_1_289' title='bbox 789 3255 792 3264; x_wconf 82' lang='grc'><strong>’</strong></span> <span class='ocrx_word' id='word_1_290' title='bbox 892 3265 936 3318; x_wconf 88' lang='lat'><strong>18.</strong></span> <span class='ocrx_word' id='word_1_291' title='bbox 950 3263 984 3316; x_wconf 86' lang='lat' dir='ltr'><strong>Id</strong></span> <span class='ocrx_word' id='word_1_292' title='bbox 997 3264 1149 3331; x_wconf 76' lang='lat' dir='ltr'><strong>essefiretum</strong></span> <span class='ocrx_word' id='word_1_293' title='bbox 1162 3263 1202 3314; x_wconf 83' lang='lat' dir='ltr'><strong>lu&#39;e</strong></span> <span class='ocrx_word' id='word_1_294' title='bbox 1212 3277 1357 3332; x_wconf 66' lang='lat' dir='ltr'><strong>nomnegnt.</strong></span> 
     </span>
     <span class='ocr_line' id='line_1_34' title="bbox 337 3340 1357 3414; baseline -0.002 -20"><span class='ocrx_word' id='word_1_295' title='bbox 337 3345 381 3395; x_wconf 84' lang='lat'><strong>16.</strong></span> <span class='ocrx_word' id='word_1_296' title='bbox 405 3340 470 3394; x_wconf 79' lang='lat' dir='ltr'><strong>Nam</strong></span> <span class='ocrx_word' id='word_1_297' title='bbox 490 3340 559 3411; x_wconf 80' lang='lat' dir='ltr'><strong>quod.</strong></span> <span class='ocrx_word' id='word_1_298' title='bbox 577 3341 701 3394; x_wconf 86' lang='lat' dir='ltr'><strong>Formula</strong></span> <span class='ocrx_word' id='word_1_299' title='bbox 722 3355 805 3396; x_wconf 75' lang='lat' dir='ltr'><strong>trans·</strong></span> <span class='ocrx_word' id='word_1_300' title='bbox 848 3341 891 3397; x_wconf 88' lang='lat' dir='ltr'><strong>Sic</strong></span> <span class='ocrx_word' id='word_1_301' title='bbox 904 3343 949 3397; x_wconf 88' lang='lat' dir='ltr'><strong>Br.</strong></span> <span class='ocrx_word' id='word_1_302' title='bbox 961 3343 1068 3396; x_wconf 87' lang='lat' dir='ltr'><strong>etPerl.</strong></span> <span class='ocrx_word' id='word_1_303' title='bbox 1081 3341 1283 3414; x_wconf 81' lang='lat' dir='ltr'><strong>OrdinatValp.</strong></span> <span class='ocrx_word' id='word_1_304' title='bbox 1290 3345 1357 3409; x_wconf 79' lang='lat' dir='ltr'><strong>suet.</strong></span> 
     </span>
     <span class='ocr_line' id='line_1_35' title="bbox 299 3418 1357 3493; baseline -0.001 -18"><span class='ocrx_word' id='word_1_305' title='bbox 299 3419 383 3476; x_wconf 88' lang='lat' dir='ltr'><strong>cundi</strong></span> <span class='ocrx_word' id='word_1_306' title='bbox 401 3433 426 3472; x_wconf 89' lang='lat' dir='ltr'><strong>et</strong></span> <span class='ocrx_word' id='word_1_307' title='bbox 437 3418 624 3482; x_wconf 84' lang='lat' dir='ltr'><strong>connectendi,</strong></span> <span class='ocrx_word' id='word_1_308' title='bbox 636 3436 667 3475; x_wconf 91' lang='lat' dir='ltr'><strong>ut</strong></span> <span class='ocrx_word' id='word_1_309' title='bbox 677 3421 712 3475; x_wconf 76' lang='lat' dir='ltr'><strong>ad</strong></span> <span class='ocrx_word' id='word_1_310' title='bbox 720 3421 803 3476; x_wconf 80' lang='lat' dir='ltr'><strong>Attio.</strong></span> <span class='ocrx_word' id='word_1_311' title='bbox 849 3423 946 3476; x_wconf 74' lang='lat' dir='ltr'><strong>leirene</strong></span> <span class='ocrx_word' id='word_1_312' title='bbox 962 3423 990 3476; x_wconf 86' lang='lat' dir='ltr'><strong>id</strong></span> <span class='ocrx_word' id='word_1_313' title='bbox 997 3443 1045 3476; x_wconf 82' lang='lat' dir='ltr'><strong>nou</strong></span> <span class='ocrx_word' id='word_1_314' title='bbox 1057 3443 1112 3493; x_wconf 69' lang='lat' dir='ltr'><strong>neg.</strong></span> <span class='ocrx_word' id='word_1_315' title='bbox 1126 3422 1254 3489; x_wconf 79' lang='lat' dir='ltr'><strong>Bothins,</strong></span> <span class='ocrx_word' id='word_1_316' title='bbox 1260 3425 1357 3489; x_wconf 78' lang='lat' dir='ltr'><strong>factum</strong></span> 
     </span>
     <span class='ocr_line' id='line_1_36' title="bbox 298 3500 1064 3573; baseline 0.003 -19"><span class='ocrx_word' id='word_1_317' title='bbox 298 3503 352 3566; x_wconf 91' lang='lat'><strong>111,</strong></span> <span class='ocrx_word' id='word_1_318' title='bbox 374 3517 423 3564; x_wconf 87' lang='lat' dir='ltr'><strong>rc;</strong></span> <span class='ocrx_word' id='word_1_319' title='bbox 445 3511 471 3552; x_wconf 88' lang='lat' dir='ltr'><strong>et</strong></span> <span class='ocrx_word' id='word_1_320' title='bbox 489 3501 596 3554; x_wconf 87' lang='lat' dir='ltr'><strong>Terent.</strong></span> <span class='ocrx_word' id='word_1_321' title='bbox 615 3500 728 3573; x_wconf 80' lang='lat' dir='ltr'><strong>Adelph.</strong></span> <span class='ocrx_word' id='word_1_322' title='bbox 758 3502 801 3555; x_wconf 84' lang='lat'><strong>15.</strong></span> <span class='ocrx_word' id='word_1_323' title='bbox 848 3503 876 3553; x_wconf 82' lang='lat' dir='ltr'><strong>id</strong></span> <span class='ocrx_word' id='word_1_324' title='bbox 886 3522 935 3555; x_wconf 80' lang='lat' dir='ltr'><strong>esse</strong></span> <span class='ocrx_word' id='word_1_325' title='bbox 948 3504 993 3555; x_wconf 76' lang='lat' dir='ltr'><strong>tte.</strong></span> <span class='ocrx_word' id='word_1_326' title='bbox 1005 3523 1064 3557; x_wconf 75' lang='lat' dir='ltr'><strong>mn.</strong></span> 
     </span>
     <span class='ocr_line' id='line_1_37' title="bbox 299 3578 1360 3655; baseline -0.002 -21"><span class='ocrx_word' id='word_1_327' title='bbox 299 3581 345 3634; x_wconf 87' lang='lat' dir='ltr'><strong>Nil</strong></span> <span class='ocrx_word' id='word_1_328' title='bbox 356 3579 455 3633; x_wconf 83' lang='lat' dir='ltr'><strong>scilicet</strong></span> <span class='ocrx_word' id='word_1_329' title='bbox 467 3578 566 3631; x_wconf 90' lang='lat' dir='ltr'><strong>mirum</strong></span> <span class='ocrx_word' id='word_1_330' title='bbox 578 3580 710 3652; x_wconf 83' lang='lat' dir='ltr'><strong>inceptam</strong></span> <span class='ocrx_word' id='word_1_331' title='bbox 727 3581 803 3636; x_wconf 86' lang='lat' dir='ltr'><strong>fuisse</strong></span> <span class='ocrx_word' id='word_1_332' title='bbox 891 3602 935 3652; x_wconf 85' lang='lat'><strong>19.</strong></span> <span class='ocrx_word' id='word_1_333' title='bbox 954 3584 1036 3655; x_wconf 82' lang='lat' dir='ltr'><strong>Neque</strong></span> <span class='ocrx_word' id='word_1_334' title='bbox 1049 3603 1074 3635; x_wconf 86' lang='lat' dir='ltr'><strong>se</strong></span> <span class='ocrx_word' id='word_1_335' title='bbox 1087 3583 1115 3634; x_wconf 84' lang='lat' dir='ltr'><strong>id</strong></span> <span class='ocrx_word' id='word_1_336' title='bbox 1124 3587 1217 3654; x_wconf 71' lang='lat' dir='ltr'><strong>pigere.</strong></span> <span class='ocrx_word' id='word_1_337' title='bbox 1231 3581 1320 3653; x_wconf 81' lang='lat' dir='ltr'><strong>Ejecit</strong></span> <span class='ocrx_word' id='word_1_338' title='bbox 1332 3583 1360 3633; x_wconf 79' lang='lat' dir='ltr'><strong>id</strong></span> 
     </span>
     <span class='ocr_line' id='line_1_38' title="bbox 300 3658 1359 3732; baseline 0 -19"><span class='ocrx_word' id='word_1_339' title='bbox 300 3662 333 3713; x_wconf 86' lang='lat' dir='ltr'><strong>ab</strong></span> <span class='ocrx_word' id='word_1_340' title='bbox 356 3659 402 3712; x_wconf 84' lang='lat' dir='ltr'><strong>illa</strong></span> <span class='ocrx_word' id='word_1_341' title='bbox 421 3658 548 3728; x_wconf 81' lang='lat' dir='ltr'><strong>particule</strong></span> <span class='ocrx_word' id='word_1_342' title='bbox 568 3660 725 3712; x_wconf 84' lang='lat' dir='ltr'><strong>orationem.</strong></span> <span class='ocrx_word' id='word_1_343' title='bbox 749 3661 805 3712; x_wconf 79' lang='lat' dir='ltr'><strong>Ali·</strong></span> <span class='ocrx_word' id='word_1_344' title='bbox 850 3663 981 3728; x_wconf 75' lang='lat' dir='ltr'><strong>Faernus,</strong></span> <span class='ocrx_word' id='word_1_345' title='bbox 999 3675 1086 3727; x_wconf 89' lang='lat' dir='ltr'><strong>reete,</strong></span> <span class='ocrx_word' id='word_1_346' title='bbox 1107 3675 1138 3715; x_wconf 90' lang='lat' dir='ltr'><strong>ut</strong></span> <span class='ocrx_word' id='word_1_347' title='bbox 1156 3663 1193 3715; x_wconf 86' lang='lat' dir='ltr'><strong>ait</strong></span> <span class='ocrx_word' id='word_1_348' title='bbox 1211 3662 1289 3714; x_wconf 85' lang='lat' dir='ltr'><strong>Bent.</strong></span> <span class='ocrx_word' id='word_1_349' title='bbox 1312 3663 1359 3732; x_wconf 88' lang='lat' dir='ltr'><strong>qui</strong></span> 
     </span>
     <span class='ocr_line' id='line_1_39' title="bbox 300 3736 1360 3812; baseline 0.001 -20"><span class='ocrx_word' id='word_1_350' title='bbox 300 3736 406 3811; x_wconf 86' lang='lat' dir='ltr'><strong>quando</strong></span> <span class='ocrx_word' id='word_1_351' title='bbox 421 3739 492 3791; x_wconf 88' lang='lat' dir='ltr'><strong>enim</strong></span> <span class='ocrx_word' id='word_1_352' title='bbox 506 3739 620 3810; x_wconf 81' lang='lat' dir='ltr'><strong>abrupto</strong></span> <span class='ocrx_word' id='word_1_353' title='bbox 634 3758 754 3792; x_wconf 87' lang='lat' dir='ltr'><strong>sermone</strong></span> <span class='ocrx_word' id='word_1_354' title='bbox 768 3740 805 3793; x_wconf 87' lang='lat' dir='ltr'><strong>sic</strong></span> <span class='ocrx_word' id='word_1_355' title='bbox 849 3756 975 3812; x_wconf 72' lang='lat' dir='ltr'><strong>praeterea</strong></span> <span class='ocrx_word' id='word_1_356' title='bbox 990 3743 1047 3795; x_wconf 82' lang='lat' dir='ltr'><strong>vult</strong></span> <span class='ocrx_word' id='word_1_357' title='bbox 1063 3739 1137 3795; x_wconf 90' lang='lat' dir='ltr'><strong>aliud</strong></span> <span class='ocrx_word' id='word_1_358' title='bbox 1151 3742 1229 3794; x_wconf 79' lang='lat' dir='ltr'><strong>etiam</strong></span> <span class='ocrx_word' id='word_1_359' title='bbox 1246 3743 1360 3803; x_wconf 85' lang='lat' dir='ltr'><strong>mutari,</strong></span> 
     </span>
     <span class='ocr_line' id='line_1_40' title="bbox 300 3817 1360 3892; baseline 0.002 -22"><span class='ocrx_word' id='word_1_360' title='bbox 300 3819 495 3890; x_wconf 86' lang='lat' dir='ltr'><strong>incipiebatur,</strong></span> <span class='ocrx_word' id='word_1_361' title='bbox 523 3831 554 3872; x_wconf 86' lang='lat' dir='ltr'><strong>nt</strong></span> <span class='ocrx_word' id='word_1_362' title='bbox 573 3817 682 3874; x_wconf 85' lang='lat' dir='ltr'><strong>adnotat</strong></span> <span class='ocrx_word' id='word_1_363' title='bbox 702 3819 803 3872; x_wconf 82' lang='lat' dir='ltr'><strong>Faber:</strong></span> <span class='ocrx_word' id='word_1_364' title='bbox 850 3835 876 3875; x_wconf 88' lang='lat' dir='ltr'><strong>et</strong></span> <span class='ocrx_word' id='word_1_365' title='bbox 885 3823 950 3891; x_wconf 76' lang='lat' dir='ltr'><strong>legit</strong></span> <span class='ocrx_word' id='word_1_366' title='bbox 956 3825 1050 3889; x_wconf 83' lang='lat' dir='ltr'><strong>sactum</strong></span> <span class='ocrx_word' id='word_1_367' title='bbox 1062 3825 1093 3873; x_wconf 80' lang='lat' dir='ltr'><strong>iri</strong></span> <span class='ocrx_word' id='word_1_368' title='bbox 1100 3864 1108 3886; x_wconf 87' lang='lat'><strong>,</strong></span> <span class='ocrx_word' id='word_1_369' title='bbox 1122 3823 1360 3892; x_wconf 67' lang='lat' dir='ltr'><strong>prefecturam-</strong></span> 
     </span>
     <span class='ocr_line' id='line_1_41' title="bbox 304 3897 1360 3971; baseline 0.002 -21"><span class='ocrx_word' id='word_1_370' title='bbox 304 3897 378 3970; x_wconf 81' lang='lat' dir='ltr'><strong>Quod</strong></span> <span class='ocrx_word' id='word_1_371' title='bbox 396 3901 476 3958; x_wconf 81' lang='lat' dir='ltr'><strong>euim,-</strong></span> <span class='ocrx_word' id='word_1_372' title='bbox 498 3918 553 3950; x_wconf 83' lang='lat' dir='ltr'><strong>uum</strong></span> <span class='ocrx_word' id='word_1_373' title='bbox 573 3899 643 3970; x_wconf 85' lang='lat' dir='ltr'><strong>quod.</strong></span> <span class='ocrx_word' id='word_1_374' title='bbox 665 3899 752 3952; x_wconf 74' lang='lat' dir='ltr'><strong>Graeci</strong></span> <span class='ocrx_word' id='word_1_375' title='bbox 772 3897 806 3954; x_wconf 87' lang='lat' dir='ltr'><strong>ad</strong></span> <span class='ocrx_word' id='word_1_376' title='bbox 850 3902 888 3952; x_wconf 85' lang='lat' dir='ltr'><strong>Et</strong></span> <span class='ocrx_word' id='word_1_377' title='bbox 900 3901 1114 3971; x_wconf 82' lang='lat' dir='ltr'><strong>deiesdesacturum</strong></span> <span class='ocrx_word' id='word_1_378' title='bbox 1129 3901 1360 3953; x_wconf 62' lang='lat' dir='ltr'><strong>amamrsrereu-</strong></span> 
     </span>
     <span class='ocr_line' id='line_1_42' title="bbox 301 3975 1360 4051; baseline 0.004 -23"><span class='ocrx_word' id='word_1_379' title='bbox 301 3975 424 4030; x_wconf 90' lang='lat' dir='ltr'><strong>eumdem</strong></span> <span class='ocrx_word' id='word_1_380' title='bbox 436 3975 560 4043; x_wconf 86' lang='lat' dir='ltr'><strong>mudum,</strong></span> <span class='ocrx_word' id='word_1_381' title='bbox 576 3980 600 4030; x_wconf 81' lang='grc' dir='ltr'><strong>τί</strong></span> <span class='ocrx_word' id='word_1_382' title='bbox 616 3981 663 4048; x_wconf 60' lang='lat' dir='ltr'><strong>peip</strong></span> <span class='ocrx_word' id='word_1_383' title='bbox 678 3979 747 4042; x_wconf 74' lang='grc' dir='ltr'><strong>ἄλλο,</strong></span> <span class='ocrx_word' id='word_1_384' title='bbox 765 3978 805 4032; x_wconf 76' lang='grc' dir='ltr'><strong>καὶ</strong></span> <span class='ocrx_word' id='word_1_385' title='bbox 851 3981 887 4034; x_wconf 89' lang='lat' dir='ltr'><strong>tio</strong></span> <span class='ocrx_word' id='word_1_386' title='bbox 904 3980 979 4035; x_wconf 84' lang='lat' dir='ltr'><strong>cordi</strong></span> <span class='ocrx_word' id='word_1_387' title='bbox 1001 3995 1055 4046; x_wconf 89' lang='lat' dir='ltr'><strong>est,</strong></span> <span class='ocrx_word' id='word_1_388' title='bbox 1075 4001 1109 4034; x_wconf 89' lang='lat' dir='ltr'><strong>uc</strong></span> <span class='ocrx_word' id='word_1_389' title='bbox 1127 3979 1250 4036; x_wconf 78' lang='lat' dir='ltr'><strong>credatur</strong></span> <span class='ocrx_word' id='word_1_390' title='bbox 1270 3981 1360 4051; x_wconf 85' lang='lat' dir='ltr'><strong>ipsum</strong></span> 
     </span>
     <span class='ocr_line' id='line_1_43' title="bbox 301 4055 1359 4138; baseline 0.005 -31"><span class='ocrx_word' id='word_1_391' title='bbox 301 4055 364 4138; x_wconf 59' lang='lat' dir='ltr'><strong>peip,</strong></span> <span class='ocrx_word' id='word_1_392' title='bbox 380 4070 428 4110; x_wconf 85' lang='lat' dir='ltr'><strong>etc.</strong></span> <span class='ocrx_word' id='word_1_393' title='bbox 437 4088 476 4100; x_wconf 93' lang='lat'><em>-</em></span> <span class='ocrx_word' id='word_1_394' title='bbox 487 4057 600 4110; x_wconf 74' lang='lat' dir='ltr'><strong>Numeres</strong></span> <span class='ocrx_word' id='word_1_395' title='bbox 614 4059 764 4112; x_wconf 81' lang='lat' dir='ltr'><strong>distulerunt.</strong></span> <span class='ocrx_word' id='word_1_396' title='bbox 774 4057 806 4112; x_wconf 90' lang='lat' dir='ltr'><strong>ld</strong></span> <span class='ocrx_word' id='word_1_397' title='bbox 851 4059 1005 4116; x_wconf 71' lang='lat' dir='ltr'><strong>adversariis</strong></span> <span class='ocrx_word' id='word_1_398' title='bbox 1018 4079 1121 4114; x_wconf 88' lang='lat' dir='ltr'><strong>morem</strong></span> <span class='ocrx_word' id='word_1_399' title='bbox 1135 4060 1261 4132; x_wconf 74' lang='lat' dir='ltr'><strong>gessisse,</strong></span> <span class='ocrx_word' id='word_1_400' title='bbox 1274 4077 1359 4130; x_wconf 84' lang='lat' dir='ltr'><strong>quum</strong></span> 
     </span>
    </p>
   </div>
   <div class='ocr_carea' id='block_1_6' title="bbox 0 0 1524 4856">
    <p class='ocr_par' dir='ltr' id='par_1_11' title="bbox 0 0 1524 4856">
     <span class='ocr_line' id='line_1_44' title="bbox 0 0 1524 4856; baseline 0 0"><span class='ocrx_word' id='word_1_401' title='bbox 0 0 1524 4856; x_wconf 95' lang='lat' dir='ltr'><strong> </strong></span> 
     </span>
    </p>
   </div>
  </div>
 </body>
</html>
