3052 4864
443 431 444 436 1
476 391 539 458 DE
565 389 807 459 TERENTIO.
1088 413 1174 460 cunr

78 521 265 592 tradidere
284 522 444 614 majores,
464 524 593 618 insigne
610 537 751 619 receptae
771 523 933 592 libertatis
949 522 1036 618 pileo
1050 536 1172 592 testan-

82 645 167 698 tem
182 630 219 698 in
236 629 408 724 triumpho
426 628 519 700 ducis
537 656 607 702 csse
625 644 850 726 conspectum.

394 841 546 918 Pleiadas.
564 840 621 911 lib.
634 846 672 928 I,
688 845 800 938 Epist.
824 839 880 910 16.

154 1053 255 1146 Legit
270 1051 351 1118 mihi
373 1077 481 1146 nuper
501 1051 674 1148 epistolas,
696 1077 778 1147 quas
794 1053 906 1122 uxoris
929 1075 999 1120 esse
1021 1052 1170 1121 dicebat:

88 1155 258 1226 Plautum
276 1156 330 1227 vel
344 1159 537 1228 Terentium
559 1174 667 1229 metro
684 1158 829 1229 solutum
851 1157 916 1254 legi
934 1157 1067 1240 credidi.

343 1369 389 1436 A.
415 1369 565 1455 Gellius,
587 1369 643 1438 lib.
668 1373 758 1456 VII,
780 1393 856 1465 cap.
888 1371 944 1454 14.

156 1579 248 1648 Vera
271 1591 383 1647 autern
402 1593 437 1648 et
457 1581 593 1674 propria
612 1579 802 1675 hujusmodi
824 1579 1007 1649 formarum
1025 1577 1175 1672 exempla

93 1687 134 1752 in
155 1686 276 1754 Latina
294 1683 407 1780 lingua
421 1688 469 1755 M.
483 1689 594 1756 Varro
609 1713 680 1757 esse
694 1688 791 1772 dicit,
806 1687 968 1756 ubertatis
977 1686 1175 1770 Pacuvium,

92 1789 294 1883 gracilitatis
315 1791 499 1881 Lucilium,
522 1794 759 1865 mediocritatis
779 1795 982 1863 Terentium.

397 2004 512 2091 Idem,
529 2005 585 2074 lib.
603 2009 692 2114 Vll,
709 2029 879 2102 cam-21:

157 2199 277 2290 Neque
297 2219 421 2290 magno
445 2194 621 2264 intervallo
642 2211 757 2292 postea
782 2198 827 2286 Q.
853 2199 1005 2283 Ennius,
1027 2212 1061 2266 et
1082 2196 1177 2289 juxta

97 2301 258 2372 Caecilius
279 2318 314 2370 et
337 2304 532 2390 Terentius,
553 2327 592 2372 ac
611 2302 750 2372 subinde
769 2306 958 2374 Pacuvius:
979 2319 1012 2373 et
1034 2305 1180 2373 Pacuvio

94 2411 172 2504 jam
186 2433 265 2478 sene
282 2410 421 2493 Accius,
437 2407 621 2504 clariorque
641 2425 721 2480 tunc
743 2413 778 2480 in
799 2412 961 2505 poematis
980 2435 1095 2481 eorum
1119 2410 1178 2480 ob·

99 2515 288 2589 trectandis
304 2514 452 2586 Lucilius
469 2515 542 2585 suit.

266 2732 459 2816 Ausonio,
476 2736 519 2799 in
537 2733 753 2824 Protreptrco
776 2729 828 2799 ad
838 2733 1019 2825 Nepotem.

208 2915 255 2970 Tu
267 2930 385 2991 quoque
397 2910 450 2990 qui
460 2909 575 2970 Latium
591 2910 667 2969 lecto
682 2929 830 2983 sermone,
843 2911 962 2970 Terenti
971 2953 992 2978 ,-

209 3011 307 3068 Comis
321 3023 350 3068 et
364 3009 502 3068 adstricto
516 3009 663 3088 percomis
680 3009 793 3087 pulpita
807 3028 908 3078 socco,

209 3103 256 3162 Ad
270 3123 348 3163 nova
363 3105 413 3163 rix
427 3124 587 3163 memorem
604 3102 738 3163 diverbia
751 3123 822 3182 coge
836 3118 990 3163 senectam.

343 3302 504 3370 Laetam.
518 3297 563 3368 de
580 3298 694 3368 Falsa
707 3300 792 3394 Sap.
809 3323 887 3396 cap.
908 3302 941 3386 Δ.

156 3497 269 3566 Nemo
286 3510 398 3590 potest
412 3494 453 3564 de
474 3520 509 3565 se
532 3508 622 3564 recte
640 3493 809 3588 judicare,
826 3495 918 3589 quod
939 3494 1059 3566 nobilis
1079 3513 1179 3592 poeta

105 3617 249 3673 testatur
268 3629 275 3668 :
292 3605 355 3672 lta·
367 3603 455 3672 enirn
479 3616 706 3696 comparatam
728 3626 799 3671 esse
817 3603 992 3672 hominum
1012 3617 1182 3692 naturam,

104 3711 177 3780 etc(

435 3815 606 3886 Eusebius
623 3821 659 3884 iu
681 3817 858 3886 Chrom'co.

163 4012 334 4083 Ptolomaei
354 4037 405 4100 vr,
423 4012 536 4101 idest,
553 4012 785 4084 philometoris
800 4036 904 4106 reguo
919 4011 1060 4083 decessit
1074 4016 1108 4082 Ρ.
1125 4017 1152 4084 Τ
1153 4041 1185 4084 e·
