2928 4856
303 351 373 442 ¹94
533 345 705 416 PUBLII
732 345 975 418 TERENTII
1004 291 1119 416 AFlss

297 484 362 550 Fac
385 483 418 548 in
437 479 606 574 palaestra,
621 482 655 549 in
674 483 805 551 musicis
821 507 828 549 :
844 505 918 576 qum
939 480 1078 549 liberum

296 588 388 655 Scire
409 611 538 680 aequum
560 601 610 655 est
629 585 893 672 adolescentem,
911 585 1064 656 solertem
1082 586 1178 655 dabo.

293 695 382 761 Tne.
399 693 472 788 Ego
492 691 584 762 illum
605 693 816 780 eunuchum,
834 695 861 763 si
884 717 968 788 opus
990 695 1070 778 siet,
1085 691 1136 761 vel
1156 693 1280 761 sobrius
1282 743 1337 760 .....

294 802 353 868 Ps.
372 803 482 892 Atque
503 797 574 868 haec
595 801 652 893 qui
674 801 781 886 misit,
797 823 865 868 non
887 799 949 868 sibi
968 797 1027 868 soli
1045 797 1189 893 postulet
1316 829 1357 874 ru

296 907 343 972 Te
365 906 495 990 vivere,
512 919 545 973 et
566 929 623 974 sun
641 929 740 976 carisa
758 904 887 976 excludi
905 919 1059 988 caeterosr

295 1009 411 1104 Neque
429 1035 556 1104 pugnes
576 1020 708 1096 narrat,
724 1035 832 1104 neque
848 1011 1020 1082 cicatrices
1038 1031 1112 1080 sues

296 1117 467 1202 ostentat,
489 1139 595 1210 neque
614 1117 676 1187 tibi
692 1116 817 1204 obstet,
833 1117 923 1212 quod
939 1115 1075 1212 quidam
1094 1113 1180 1184 facit.

296 1225 423 1291 Verum
446 1221 504 1290 ubi
522 1221 696 1292 molestum
715 1248 783 1292 non
801 1225 884 1310 crit,
899 1222 955 1292 ubi
975 1237 1012 1292 tu
1030 1221 1137 1308 voles,

300 1423 311 1444 ι
323 1398 394 1449 Dum
406 1407 509 1461 tacent,
529 1396 668 1449 clemens·
685 1396 750 1449 Perl.
765 1429 806 1442 -
849 1395 916 1470 quid
927 1395 987 1450 tale.
1002 1386 1013 1465 (
1020 1395 1115 1448 Jureu.
1127 1393 1202 1460 Set.)
1212 1395 1246 1449 Et
1258 1406 1295 1448 est
1307 1393 1359 1448 ho·

296 1474 359 1529 uec
375 1473 407 1527 sd
422 1487 580 1546 spectatores
591 1474 657 1529 dicit
664 1477 804 1530 Parmeno.
849 1489 921 1530 ueste
931 1475 1031 1546 merdic
1045 1487 1155 1546 propter
1164 1475 1281 1528 mulieris
1290 1493 1359 1545 prse-

295 1587 336 1597 -
348 1554 401 1605 Fac
411 1574 480 1624 pen,
498 1553 532 1607 ed
550 1553 682 1608 Thaidem
698 1573 725 1608 se
741 1573 805 1608 uon·
850 1555 968 1610 sentium.
983 1581 1024 1597 -·
1037 1554 1068 1606 Si
1080 1571 1140 1623 upra
1153 1556 1211 1618 siet,
1232 1553 1360 1606 sinetur-e

296 1633 805 1705 vertit.-Periculum,experimentnm,
850 1632 1021 1688 desideraret.
1044 1665 1085 1676 —
1102 1633 1151 1684 Vel
1164 1635 1264 1686 subdiu.
1286 1632 1360 1685 Adeo

297 1710 363 1784 quid
379 1712 470 1784 possit.
851 1715 962 1778 scilicet,
974 1726 1004 1766 ut
1016 1710 1051 1766 ed
1063 1709 1202 1766 libidinem
1216 1710 1361 1766 accenden-

234 1797 238 1810 ’
340 1791 547 1862 477.Paloestra.
573 1791 806 1846 Luctatloeneltu
850 1791 912 1846 dnm
928 1805 981 1846 non
998 1811 1065 1864 opus
1081 1803 1148 1844 esset
1162 1792 1235 1846 rino.
1251 1823 1292 1833 -
1307 1787 1361 1842 Ad·

298 1873 390 1933 iterun,
407 1883 435 1923 et
448 1873 515 1924 nutu
524 1873 606 1939 serio,·
619 1871 685 1926 vele
697 1877 744 1932 τῆς
756 1873 808 1924 πά·
851 1873 1025 1926 dotentAler.
1035 1883 1061 1924 et
1072 1873 1129 1924 Am.
1138 1867 1249 1924 Duris:
1262 1871 1361 1936 «Quoi-

296 1959 350 2013 λης,
366 1949 395 2004 id
409 1961 462 2015 est,
476 1969 490 2004 a
506 1951 662 2016 luctatione3
678 1953 720 2004 vel
738 1970 752 2004 e
770 1958 807 2022 τῷ
851 1963 903 2022 que
915 1949 1361 2022 cetraitdoivepereltreextreme·

297 2031 414 2091 πᾶλλιιν,
427 2029 520 2096 idest,
533 2044 632 2085 emotu
644 2047 733 2084 urum:
746 2046 808 2083 nstn
852 2044 925 2084 ment
939 2031 1070 2102 grossior,
1084 2035 1170 2083 meme
1185 2031 1320 2102 lorsqu'on
1335 2047 1360 2082 se

298 2107 379 2164 ducta
404 2122 473 2162 sorte
493 2111 595 2183 antiqui
630 2111 807 2164 luctabantur.
852 2107 1178 2182 reppellelesmoeursdes
1188 2108 1360 2170 Romuins,il

298 2189 420 2243 Pelustrs
434 2203 560 2260 preterea
576 2189 722 2244 decentiam
737 2189 808 2242 illam
852 2203 890 2242 est
912 2201 1039 2260 pourtsnt
1058 2190 1133 2242 lance
1150 2206 1214 2242 erec
1234 2199 1293 2241 tent
1307 2185 1360 2242 d's·

298 2269 436 2340 significat,
446 2287 499 2340 quo
508 2281 597 2334 emtus,
611 2281 707 2333 motus,
717 2267 811 2321 flexus·
852 2267 956 2333 dress,
981 2267 1044 2340 qu'il
1073 2287 1107 2320 ne
1134 2280 1199 2338 peut
1220 2271 1280 2320 etr-e
1302 2267 1361 2320 bien

300 2365 352 2418 qne
373 2348 491 2420 corporis
516 2367 545 2402 ec
567 2349 678 2400 omnino
703 2339 809 2400 lrabitus
852 2348 968 2419 compris
983 2366 1035 2420 qne
1048 2343 1095 2400 des
1107 2345 1229 2400 hommes
1245 2365 1361 2400 corrom-

300 2441 466 2480 renustatem
483 2425 624 2498 quemdem
637 2427 810 2498 leporemque
853 2445 912 2498 pus.
928 2427 1061 2488 Terence.
1085 2443 1118 2478 en
1132 2417 1158 2479 le
1173 2437 1288 2479 mettant
1302 2425 1363 2480 dens

300 2507 583 2580 prnsefersnttquem
596 2507 642 2578 qui
650 2521 704 2558 non
712 2503 810 2559 didice·
853 2507 877 2560 le
889 2505 993 2560 bouclre
1003 2501 1182 2570 Aethram,
1193 2523 1276 2558 assus
1285 2503 1363 2558 doute

302 2597 385 2648 runt,
410 2585 532 2655 opoloestri
544 2585 610 2638 dicti
630 2599 708 2639 eunt:
724 2585 809 2638 Cicer.
854 2587 936 2640 voulu
952 2604 1068 2658 prouver
1084 2583 1151 2655 qu'il
1167 2585 1213 2656 n'y
1229 2585 1364 2657 eruitque

303 2665 515 2730 ritat.;Quintil.
533 2665 586 2726 [X.
605 2671 629 2728 6.
647 2697 687 2709 -
711 2665 811 2718 Musiris
852 2665 891 2719 les
911 2666 1033 2719 hommes
1055 2662 1090 2717 de
1111 2673 1180 2717 cette
1203 2671 1297 2735 espece
1319 2663 1363 2736 qui

304 2745 362 2796 sub.
378 2743 497 2816 negotiis,
507 2745 524 2796 i.
536 2763 560 2798 e.
576 2745 602 2796 in
611 2745 690 2798 rebus
705 2763 764 2816 qum
776 2741 810 2796 sd
855 2757 962 2815 possent
975 2761 1073 2797 urouer
1086 2761 1123 2796 un
1138 2741 1174 2796 tel
1188 2743 1257 2796 vice.
1272 2769 1284 2789 ι

304 2835 384 2874 sitem
393 2824 518 2876 musicam
525 2821 811 2894 pertiuentelpudve·
897 2825 963 2888 rso.
980 2820 1042 2874 Hoec
1056 2827 1097 2894 qui
1112 2825 1184 2876 misit.
1202 2821 1223 2874 1.
1238 2835 1265 2875 et
1282 2823 1314 2873 t'.
1329 2823 1364 2874 lic

305 2904 617 2968 teresautem,musicem
625 2903 745 2974 ignorare
752 2919 812 2974 pro·
854 2921 906 2974 pro
918 2905 977 2955 lraec.
992 2899 1073 2954 Botlr.
1096 2901 1133 2954 sio
1154 2901 1244 2954 onmis
1259 2913 1362 2960 mutet,

305 2979 355 3033 bro
364 2979 519 3037 ducebatur.
542 2981 648 3035 Scilicet
662 2984 730 3035 servi
744 3000 811 3034 non·
855 3001 938 3054 neque,
961 2981 1011 3035 lroec
1025 3001 1079 3054 qua
1095 2985 1171 3044 must,
1182 2981 1309 3050 postulat,
1321 2981 1368 3034 soli

305 3077 440 3132 nunquam
459 3073 528 3115 artes
546 3059 666 3114 liberales
682 3061 812 3114 docebnn·
854 3061 909 3114 ribi.
923 3095 963 3105 -
976 3061 1047 3126 Hac,
1059 3059 1117 3112 sub.
1131 3078 1249 3112 munere.
1261 3093 1301 3102 -
1314 3061 1364 3130 Qui

306 3153 362 3201 tur,
377 3159 431 3211 quo
443 3141 528 3193 carius
541 3140 669 3193 venirent.
687 3141 737 3194 llic
752 3141 813 3192 Per·
856 3144 930 3206 mult,
944 3140 961 3194 i.
978 3159 1002 3194 e.
1018 3137 1146 3192 Plrsedriu.

307 3217 813 3292 menoersequiturjussnPhedrim‚qui
898 3217 1369 3285 48².Cicat.suas.AGnell.3.nbest

307 3295 408 3352 dixerat
419 3317 497 3365 supra
505 3307 621 3362 vstrl:
636 3298 757 3352 uldunus
768 3319 814 3352 no·
856 3320 921 3353 suas.
935 3332 975 3344 —
988 3299 1071 3372 Neque
1081 3317 1177 3369 pugnem
1191 3309 1240 3351 etc.
1260 3297 1300 3350 Ex
1320 3300 1367 3351 ob·

307 3391 390 3432 strum
400 3377 678 3451 ometorerbis‚quod
689 3380 811 3450 poteris·
857 3379 932 3452 liquo
947 3378 1076 3431 invidiam
1089 3377 1151 3431 lacit
1163 3377 1260 3443 militi,
1275 3389 1304 3430 et
1315 3395 1368 3430 ser·

306 3492 346 3502 -
357 3459 420 3528 Quoe
431 3459 528 3511 liberum
539 3471 602 3522 ,etc
620 3457 771 3512 Secundum
786 3476 817 3512 ee
858 3474 903 3512 vat
925 3449 1047 3511 mandale
1069 3455 1211 3522 Phatne,
1233 3463 1287 3519 πά
1311 3475 1368 3529 sq.:

307 3557 382 3610 quse,
394 3551 443 3591 etc.
458 3551 483 3591 et
494 3540 564 3591 refer
578 3537 611 3592 sd
626 3540 732 3591 solertem
742 3539 814 3590 dabo.
863 3566 874 3587 ι
885 3537 918 3592 Εῑ
929 3539 1005 3592 istum
1018 3537 1156 3604 tumulum,
1166 3534 1238 3608 quod
1249 3539 1370 3608 poteris.

308 3620 397 3672 Rebus
408 3619 471 3690 ipsis
485 3616 619 3672 ostendum
636 3637 697 3671 eum
711 3619 814 3690 peritis·
857 3619 891 3672 ab
902 3637 931 3670 en
942 3617 1042 3692 pellito.
1054 3641 1065 3664 ι

308 3699 401 3749 simum
416 3697 509 3750 lterum
524 3699 627 3751 artium.
644 3699 690 3751 liu.
900 3695 966 3761 483.
979 3699 1062 3768 Neque
1078 3695 1120 3748 ube·
1132 3696 1211 3748 obstat
1241 3693 1300 3748 Nec
1317 3697 1369 3749 ulln

351 3785 366 3841 4
371 3793 414 3846 79.
424 3777 455 3830 Si
461 3797 518 3847 epau
525 3781 577 3831 siet.
587 3777 661 3831 Bent.
670 3775 699 3828 Si
708 3797 767 3847 opus
774 3781 813 3830 sit.
859 3777 886 3831 in
898 3797 926 3829 re
938 3776 987 3829 tibi
999 3790 1038 3830 est
1049 3771 1249 3848 impedimento.
1257 3807 1297 3816 -
1310 3777 1370 3846 (lui-

307 3861 350 3910 Br.
362 3861 433 3919 sciet,
447 3855 480 3911 de
493 3875 544 3932 que
556 3857 669 3912 lectione
683 3858 741 3908 vult
755 3876 816 3909 con-
857 3858 930 3918 dom,
947 3875 1027 3928 quern
1039 3875 1094 3909 non
1109 3853 1229 3926 designet
1245 3857 1371 3918 nornine,

306 3933 424 3990 tendere.
440 3967 480 3979 -
504 3937 562 4006 Ego
584 3937 649 3990 illurn
668 3937 813 4000 ercnuclrum,
858 3935 904 3990 sed
920 3955 998 4008 quem
1012 3935 1073 3988 satis
1082 3947 1170 4006 aperte
1183 3933 1282 3987 innuit.

307 4015 421 4068 subaudi
434 4033 487 4068 non
503 4015 651 4069 dubitarem
659 4033 662 4044 ·
662 4017 764 4083 fodere,
774 4017 814 4069 vel
901 4015 1019 4080 dammi
1029 4015 1119 4068 molest.
1127 4033 1175 4066 uon
1183 4017 1238 4066 erit.
1246 4013 1367 4068 Modeste
