2968 4856
281 391 355 464 nlla
506 393 684 462 PUBLII
712 393 968 466 TERENTll
996 395 1112 466 aiut

280 527 332 593 An
354 525 534 619 poenitebat
552 525 682 618 flagitii,
702 540 733 594 te
755 543 891 597 auctore
909 527 1000 622 quod
1019 526 1149 597 fecisset

281 629 500 714 Adolescens,
516 631 550 698 ni
566 635 722 701 miserum
739 635 873 729 insuper
888 638 986 704 etiam
1001 635 1087 729 patri
1104 631 1286 702 indicares?

282 737 464 832 Numquid
481 737 526 806 illi
543 738 648 808 credis
665 754 736 808 tum
756 743 857 810 animi
877 743 995 824 fuisse,
1013 741 1071 809 ubi
1091 755 1215 808 vestem
1232 737 1316 806 vidit

282 841 387 912 lllam·
406 869 476 916 esse
499 868 577 914 eum
606 845 758 914 indutum
781 847 897 942 pater?
919 847 1010 938 Quid
1034 845 1105 917 est?
1128 850 1202 916 Jam
1233 847 1298 914 scis
1321 859 1356 914 te

442 975 584 1044 perusse.
1304 981 1356 1020 ...s

285 1057 398 1125 Pente.
428 1053 537 1126 Hem!
568 1057 658 1147 Quid
690 1058 817 1144 dixisti,
845 1057 1021 1155 pessuma?
1051 1060 1103 1128 An
1129 1059 1268 1128 mentita
1297 1053 1358 1125 es?

443 1165 554 1235 Etiam
576 1163 683 1233 rides?

284 1269 369 1336 ltan’
388 1265 533 1362 lepidum
557 1271 616 1338 tibi
642 1273 749 1340 visum
769 1287 835 1359 est,
850 1268 969 1343 scelus!
992 1297 1052 1342 nos
1074 1268 1227 1342 irridere?
1246 1271 1357 1338 Pruna.

443 1377 602 1446 Nimium.

287 1581 396 1653 tignano
428 1584 488 1656 quid
513 1585 672 1639 Parmenoni
700 1585 798 1639 tribui·
844 1588 952 1641 Praestat
971 1601 1059 1641 autem
1079 1599 1223 1659 utrumque
1243 1587 1364 1640 tribuere

289 1675 354 1717 tur:
372 1663 463 1716 Peru.
486 1665 562 1736 Quid.
582 1666 668 1718 Puta.
683 1667 799 1732 Illicoua,
845 1665 980 1737 Pytltiadi.
1006 1669 1051 1720 W
1047 1669 1160 1722 esterlroc.
1184 1699 1224 1710 -
1246 1668 1362 1720 Periisse.

288 1753 339 1794 ete.
350 1743 490 1796 -Goell
507 1745 597 1817 stegie
613 1747 678 1799 illico
689 1767 732 1799 nee
744 1749 800 1799 red-
846 1747 921 1800 Bent.
940 1747 999 1818 Bip.
1021 1747 1099 1800 Both.
1122 1746 1187 1800 dant
1205 1751 1306 1818 peresa.
1320 1777 1365 1788 -

287 1822 474 1876 dem-luico
482 1863 490 1888 ‚
502 1827 600 1878 statim.
848 1828 943 1878 Vestem
950 1829 1032 1891 illam,
1043 1827 1217 1880 Eunuchi...
1231 1828 1302 1896 Quid
1306 1834 1365 1878 est?

333 1919 414 1956 tota.
426 1904 469 1956 An
475 1906 623 1975 paenitebat,
637 1919 688 1962 ete.
701 1907 753 1960 Pro
768 1927 801 1958 an
845 1907 902 1958 Jam
918 1912 964 1958 scis
985 1920 1007 1960 te
1028 1907 1135 1978 periisse.
1156 1909 1197 1960 Ita
1222 1906 1365 1977 stupefecit

287 2001 387 2053 parvum
400 1983 544 2037 videbatur?
557 1985 614 2040 Cic.
630 1985 661 2039 ad
675 1988 754 2041 Attic.
771 1988 799 2050 1,
847 1988 1039 2040 Parmenonem
1067 2000 1137 2040 totus
1162 1988 1208 2040 hic
1233 1985 1365 2039 Phaidrias

288 2081 337 2126 xx,
355 2064 402 2116 ubi
415 2064 538 2138 Leusing.
553 2064 595 2118 Ad
611 2066 663 2119 hoc
678 2069 802 2120 Ernesti:
847 2080 987 2130 sermo,ut
998 2066 1073 2138 quasi
1082 2066 1191 2120 omnino
1202 2084 1366 2120 accurissen-

289 2141 410 2196 Poenitere
424 2163 473 2196 nos
491 2148 548 2217 ejus
561 2146 601 2199 rei
622 2145 736 2200 dicimus
749 2147 802 2199 ele·
848 2145 906 2200 dire
931 2145 1058 2199 videatur.
1080 2149 1152 2218 Ergo
1178 2147 1286 2200 suscitat
1302 2164 1365 2198 eum

289 2235 396 2294 genter,
407 2241 465 2295 quae
474 2244 553 2297 parva
561 2239 615 2291 eat,
624 2245 675 2298 qua
685 2224 802 2280 contenti
847 2226 956 2288 ancilla,
967 2238 995 2280 et
1001 2226 1050 2280 ait:
1063 2223 1214 2292 quidnam
1224 2239 1278 2290 est,
1291 2223 1366 2296 qnod

289 2321 344 2355 non
357 2303 524 2358 sumusvid.
538 2307 647 2378 insuper
662 2308 804 2372 Nostrum,
849 2305 963 2358 videaris
986 2307 1022 2360 ita
1045 2307 1150 2377 ignarus
1169 2305 1314 2362 omnium?
1325 2337 1367 2378 .··'

290 2381 433 2436 Heautont.
446 2403 484 2440 va.
502 2403 596 2454 7²·-
607 2387 682 2455 Quod
687 2387 787 2453 fecisset
793 2426 802 2450 ‚
848 2386 906 2438 lam
918 2391 964 2438 scia
980 2398 1002 2438 te
1009 2391 1117 2456 periisse.
1130 2386 1309 2456 [interrogatio
1316 2403 1367 2455 pro

291 2474 340 2514 etc.
348 2455 751 2538 Simpliciueerplicaveriaquod
757 2485 805 2538 per
849 2465 1034 2520 affirmatione.
1051 2493 1061 2513 ·
1074 2467 1152 2518 Nunc
1172 2464 1284 2520 demum
1302 2465 1368 2527 scis,

290 2544 806 2619 pronomenrelativum:sedsubjuncti·
849 2548 987 2618 opinor,et
998 2546 1123 2616 intelligis
1131 2559 1234 2598 certum
1242 2562 1368 2614 essesnp-

290 2621 397 2674 vitatio
406 2623 494 2692 minus
503 2622 671 2680 redderetur.
683 2627 806 2698 Quapro·
850 2625 960 2698 plicium
974 2638 1051 2680 tuuur
1063 2639 1090 2680 et
1098 2627 1209 2680 exitium
1217 2637 1322 2690 ‚actum
1333 2623 1369 2676 de

291 2713 351 2772 pter
369 2700 554 2756 hellenismum
576 2704 633 2770 hic,
648 2718 678 2759 ut
692 2709 803 2778 saepius,
852 2719 878 2760 te
899 2725 962 2759 esse.
977 2730 988 2752 ι
1014 2706 1072 2760 Hoc
1088 2707 1125 2760 ita
1140 2705 1205 2762 dicit
1227 2705 1323 2758 ancilla
1340 2717 1370 2758 ut

290 2781 455 2850 auspicamur
471 2783 575 2838 inesse:
597 2805 653 2838 «an
668 2800 697 2839 tu
710 2806 805 2858 parum
852 2783 1095 2846 eamri‘dere,aoae
1105 2785 1227 2842 delusum
1243 2784 1371 2840 metar-

291 2872 433 2916 contentua
448 2882 505 2916 eras
520 2857 617 2935 (quod
631 2867 757 2920 attinebat
772 2865 807 2918 ad
851 2865 1370 2936 menointelligatlucene.-Poetlmc,

291 2940 460 2996 commissum
474 2935 623 3015 flagitium)
642 2947 707 3018 quia
716 2945 807 3000 adole·
851 2946 960 3017 Pythias
974 2944 1063 3000 denuo
1072 2947 1101 2999 in
1111 2948 1194 3000 risum
1207 2943 1370 2998 effunditur.

292 3039 366 3074 scena
392 3021 493 3076 fecisset
517 3023 583 3077 illud
603 3038 629 3079 te
650 3025 802 3080 auctorei·
896 3029 978 3080 1016.
998 3027 1051 3080 Pro
1060 3028 1111 3080 lem
1122 3025 1260 3080 danielem
1269 3025 1370 3096 Delph.

293 3131 334 3143 —
347 3101 472 3168 Auctore,
488 3121 604 3158 suasore.
852 3105 912 3178 Bip.
922 3106 1149 3162 Both-Censet
1160 3105 1298 3158 Bentleius
1313 3105 1370 3158 lor·

337 3183 418 3235 1013.
435 3183 546 3236 Bothiua
564 3183 683 3258 disponit
701 3187 806 3240 :Misce
852 3183 1371 3258 tesseltemprioriversuiappouendunn

291 3273 345 3330 pot.
357 3263 383 3312 ni
399 3264 565 3334 iruupaeonm.
580 3263 673 3332 -Ni,
685 3287 735 3338 pro
751 3271 806 3320 etei.
852 3279 878 3320 et
895 3278 952 3319 tum
969 3266 1085 3338 legatur,
1097 3266 1158 3338 quid
1170 3265 1223 3318 dix.
1237 3259 1372 3336 pam?

294 3339 470 3408 ..Miserum
480 3346 605 3414 juvenem
621 3347 723 3417 ipsum,
733 3347 809 3400 Cha·
852 3366 885 3398 an
899 3359 970 3400 ment.
984 3342 1032 3398 es?
1043 3359 1142 3400 eto.-
1152 3347 1230 3416 Quid.
1245 3345 1335 3399 Guell'.
1354 3364 1370 3398 a

293 3439 375 3474 ream.
388 3453 429 3464 -
441 3425 574 3490 indicares,
596 3423 760 3490 declararet,
779 3439 808 3480 ut
853 3429 951 3498 qui-
961 3427 1063 3481 Dixisti.
1080 3423 1168 3482 codd
1183 3423 1280 3496 quidd.
1295 3425 1372 3478 Bent.

292 3500 353 3572 lacti
366 3514 479 3558 sontem.
853 3507 1269 3576 desit-Amretraeequum
1280 3503 1374 3558 dixisti

338 3588 418 3646 ποιά.
435 3585 497 3637 Tum
508 3587 590 3640 animi.
601 3583 654 3638 Alii
664 3591 739 3640 enimi
750 3598 808 3639 tum.
853 3587 949 3640 herum
957 3605 1048 3641 meum
1055 3587 1231 3640 constrictum
1238 3584 1319 3638 fuiaoe
1325 3584 1374 3636 rni-

294 3689 334 3700 -—
342 3661 393 3726 lut,
402 3661 721 3737 Chaerea-Quidnam
729 3707 737 3732 ‚
748 3685 811 3739 qna·
853 3665 917 3720 seris
924 3664 1142 3733 modieetcdlid.
1152 3665 1373 3736 supra-Etiam

294 3739 332 3805 lea
345 3759 446 3798 senens.
852 3745 922 3800 rides.
931 3747 1049 3818 Apparet
1057 3766 1133 3809 eam,
1143 3764 1174 3798 ex
1183 3745 1266 3814 hujus
1274 3757 1373 3798 stoma·

339 3825 423 3878 1015.
440 3825 510 3896 Quid
518 3837 561 3878 est.
577 3831 652 3880 Bent.
663 3826 805 3887 estomiait,
851 3827 918 3892 cho,
930 3827 1113 3882 vehementior
1132 3825 1303 3880 cachinnare.
1321 3824 1375 3876 De·

295 3900 372 3965 etsie
386 3903 598 3958 Boin—MSS.
612 3907 700 3960 Μηνὶ
714 3905 808 3960 Boend.
853 3919 906 3960 nat.

297 3992 322 4032 et
334 3979 443 4052 quidam
458 3983 521 4040 editi
534 3986 630 4040 vetusti
644 3987 727 4042 :Pars
742 3987 812 4057 Quid
897 4005 982 4058 ¹⁰¹7·
1004 3985 1104 4040 Scelus!
1120 4005 1163 4038 nos
1175 3984 1302 4038 arridere?
1318 3983 1375 4036 Eu·

294 4056 351 4126 est?
376 4063 462 4120 Puta.
491 4065 548 4118 Jam
570 4071 615 4122 scia
643 4079 664 4118 te
684 4070 783 4138 periisse
794 4061 810 4114 Ρ
853 4064 1374 4139 graphxideturlegissenosirrideresca·
