2986 4858
294 417 602 489 EUNUCHUS.
631 419 738 488 ACT.
761 417 805 501 V,
832 417 900 487 SC.
927 417 1002 485 111.
1103 407 1177 488 265

93 551 198 618 Cum
213 549 278 618 hac
291 549 518 708 vastepvidcat.
528 551 853 640 Tfls.Quamobrem
874 549 1006 618 taudem
1016 547 1031 618 i
1041 549 1094 618 An
1102 550 1179 642 quia

97 763 234 830 Cuma.
251 655 537 857 IdipisetiinPrru.
547 751 728 859 Idipsum?
740 763 844 858 Virgo
856 757 949 832 vero!
959 765 1049 832 Tua.
1064 763 1080 830 I
1094 783 1178 857 prae,

274 893 404 962 sequor.

100 975 158 1041 Tu
181 974 255 1044 istic
272 999 386 1064 mane,
397 991 434 1046 ut
449 976 627 1046 Chremem
644 975 852 1064 introducas,
863 975 1008 1071 Pythias.

403 1149 609 1242 SCENA
640 1151 888 1238 TERTIA.
941 1137 945 1148 .

168 1289 448 1409 'Pirama
487 1339 751 1407 canamus
790 1338 1088 1410 sorranus.-

164 1515 276 1584 Pr‘rn.
288 1513 391 1604 Quid,
403 1513 483 1608 quid
495 1513 608 1584 venire
622 1513 655 1582 in
666 1529 812 1584 mentem
827 1539 916 1584 nunc
930 1515 1033 1609 possit
1046 1513 1179 1585 mihi...?

107 1619 307 1711 Quidnam?
328 1620 396 1711 Qui
415 1619 556 1690 referam
579 1619 739 1716 sacrilego
755 1619 801 1689 illi
817 1622 974 1720 gratiam,
1140 1661 1180 1706 ,ω

153 1807 223 1874 906.
240 1799 282 1857 An
305 1808 362 1878 quia
380 1805 464 1875 puter.
485 1805 555 1875 Quid
572 1823 623 1875 pro
669 1804 758 1876 ginem
777 1823 841 1858 vero
856 1803 965 1868 vitiare,
985 1816 1068 1858 vestes
1080 1805 1179 1859 rescin-

109 1887 169 1956 qnie
184 1883 230 1937 dat
237 1885 362 1949 Bothius3
376 1903 455 1957 quam
468 1901 496 1937 se
506 1886 624 1956 recipere
669 1882 743 1951 dere,
754 1882 782 1936 id
799 1884 848 1937 tibi
866 1882 964 1954 pudori
974 1903 1029 1937 non
1044 1897 1126 1936 erat.»
1138 1917 1179 1927 -

108 1964 254 2017 lectionem
267 1963 381 2028 indicat,
401 1978 459 2016 tum
478 1982 510 2017 ex
531 1983 624 2028 seusu,
671 1963 753 2026 Vero,
767 1964 875 2034 ripensis
886 1976 937 2028 est,
951 1976 981 2015 ut
989 1964 1065 2032 Virg.
1073 1963 1178 2017 AEueid.

110 2055 171 2096 tum
189 2044 281 2114 quiae
292 2043 350 2096 etd
364 2043 459 2096 litteris
471 2055 624 2113 perinutan·
669 2040 1176 2114 1V‚93.·Egragiamverolaudem,etc.=

20 2129 21 2158 ³
111 2135 159 2175 tur
184 2124 213 2175 in
240 2120 384 2175 codicibus.
402 2152 443 2164 —
466 2123 625 2191 (irramodnem
669 2153 711 2164 -
728 2123 746 2174 1
756 2141 823 2194 prae,
838 2123 896 2174 sub.
909 2141 954 2174 me.
967 2120 1120 2192 -Sequon
1135 2120 1179 2175 Ad

20 2207 21 2212 ’
112 2219 168 2254 non
185 2201 224 2253 sis
240 2199 428 2253 tesideati-
438 2201 624 2253 Tandem.Vox
669 2219 777 2254 morum
801 2201 976 2255 urbanitatem
1000 2212 1099 2272 spectat
1122 2202 1179 2254 haec

113 2278 251 2350 illaauget
266 2279 322 2333 vim
336 2279 526 2352 interrogandi,
536 2277 626 2352 potius
669 2280 800 2344 formula,
824 2299 883 2352 que
911 2281 1003 2352 saepius
1026 2279 1179 2346 adhibetur,

114 2377 195 2430 quam
209 2359 354 2412 sitiemime
364 2377 466 2412 moram
478 2359 506 2412 in
518 2379 626 2431 respon·
669 2379 752 2432 quum
766 2359 870 2414 duobus
885 2358 1036 2414 intrandum
1055 2374 1093 2414 est
1109 2379 1179 2423 una,

20 2453 21 2478 ³
114 2437 205 2492 dendo
219 2439 626 2510 semimaris—Armine
669 2453 700 2494 ut
714 2440 759 2493 hic
774 2441 889 2494 Charete
905 2437 1047 2494 etThaidi.
1061 2441 1116 2494 Nec
1128 2460 1178 2492 no-

116 2513 371 2572 dsrt’bsecnonsine
381 2519 498 2590 emphasi
508 2537 626 2589 pronun·
668 2519 710 2573 bis
725 2533 778 2574 tam
796 2519 965 2574 manifestum
977 2539 1057 2592 quam
1072 2521 1178 2573 Donato

115 2597 217 2662 danda,
229 2599 324 2652 leniter
330 2609 427 2664 tamen,
433 2611 525 2671 utpote
533 2600 561 2652 in
573 2599 625 2654 levi
669 2599 790 2665 videtur,
804 2598 934 2653 Thaidem
949 2599 977 2652 in
989 2597 1178 2670 consequendo

115 2697 239 2749 persona,
251 2697 287 2731 ue
300 2674 451 2732 adolescens
464 2679 623 2733 ostendatur.
670 2681 707 2732 ob
725 2678 754 2732 id
774 2679 917 2733 tardiorem
938 2698 1010 2742 esse,
1034 2679 1097 2751 quia
1119 2679 1179 2733 vult

155 2776 222 2829 907.
245 2752 325 2828 Virgo
335 2777 402 2812 nero.
419 2756 491 2810 Edd.
504 2759 626 2812 vetustis·
668 2757 782 2812 liberum
797 2761 852 2813 sine
868 2759 973 2812 arbitris
987 2759 1103 2813 Charete
1116 2777 1178 2812 cum

118 2837 176 2890 simi
192 2841 266 2908 uirgo
286 2857 346 2890 vero
369 2840 463 2892 vitiata.
489 2839 624 2892 Donatum
668 2839 756 2910 puella
773 2857 828 2892 esse
850 2839 1013 2910 colloquium
1031 2851 1058 2891 et
1076 2838 1178 2892 licitum

118 2914 181 2970 dicit
204 2917 319 2970 Faernus
337 2937 392 2970 non
414 2935 462 2990 per
478 2919 625 2988 iuterroga-
668 2936 796 2972 amorem.
809 2919 921 2973 Sensum
933 2919 1011 2973 nobis
1019 2916 1125 2971 videtur
1137 2918 1180 2971 bi·

120 2993 216 3048 tionem
233 2994 279 3048 sed
298 3013 347 3066 per
365 2995 568 3051 affirmationem
586 2999 625 3052 le·
669 2999 753 3052 mium
766 3000 869 3052 torsisse
882 2996 1048 3053 doctissimus
1062 2998 1180 3069 alioquin

120 3075 192 3146 fiisse.
216 3073 305 3128 Phaet
332 3087 420 3128 tamen
442 3077 625 3149 interrogatio.
667 3077 806 3149 interpres.

121 3155 182 3208 Post
205 3172 265 3207 aero
290 3154 416 3208 exclamat
436 3156 537 3226 Valp.;
560 3157 626 3211 dant
709 3161 776 3226 908.
796 3160 870 3222 Istic,
887 3158 935 3211 nbi
948 3171 1026 3212 tues.
1189 3221 1193 3232 Ι

121 3235 224 3306 plenum
239 3244 371 3306 punctum
384 3235 465 3288 Zeuru
477 3235 535 3307 Bip.
551 3237 626 3308 Legi·
709 3254 776 3307 909·
794 3233 884 3308 Quid?
903 3239 973 3312 quid,
989 3253 1038 3292 etc.
1050 3239 1095 3293 Br.
1108 3237 1180 3310 quid·

123 3326 164 3368 tur
175 3313 202 3366 in
221 3315 300 3367 Both.
318 3317 390 3384 virgo
403 3323 530 3368 oem.....!
545 3347 584 3360 -
594 3316 627 3370 Id
669 3317 783 3390 quid-
796 3319 859 3372 Haec
870 3318 1096 3371 scenacousiiium
1107 3335 1179 3388 quoe-
1262 3317 1265 3324 “

124 3397 193 3464 psum
211 3395 269 3447 sub.
289 3406 335 3446 est.
348 3425 389 3438 -
407 3394 441 3445 Id
455 3399 551 3465 ipsine?
566 3395 626 3450 Hoc
668 3397 751 3450 sentis
760 3397 860 3451 ancillas
867 3409 947 3462 tenet,
954 3394 1180 3468 quemadmodum

123 3473 199 3526 relati
211 3475 322 3526 molesto
337 3474 416 3526 vultu
429 3472 543 3540 dicitur,
559 3473 625 3528 adeo
668 3477 878 3544 Parmenonem,
897 3477 944 3548 qui
969 3477 1072 3530 fatalem
1087 3477 1181 3528 Ermu-

125 3565 153 3606 ut
164 3552 278 3607 imitetur
289 3550 391 3607 dictam
401 3553 560 3626 vultumque
569 3557 626 3627 ejus
668 3557 749 3610 chum
767 3553 927 3622 adduxerat,
949 3554 1012 3609 dolo
1031 3555 1115 3628 possit
1136 3555 1179 3607 al·

125 3627 625 3704 Pyrumnon-Vtrgovernsuna,
668 3636 749 3703 cisei3
765 3635 863 3692 deinde
885 3633 1001 3708 ejusdem
1020 3631 1180 3688 admonitio·

126 3711 182 3766 blec
199 3713 307 3784 Pythias
326 3710 360 3768 ad
381 3712 529 3766 Phedriam
549 3714 624 3786 quasi
668 3735 729 3769 uem
750 3729 781 3770 ut
796 3716 922 3770 Chremes
939 3733 1002 3768 cum
1019 3713 1123 3768 nutrice
1138 3714 1180 3766 in·

126 3789 239 3846 diceret:
263 3803 275 3827 ¹
299 3792 324 3845 0
344 3793 483 3848 hominem
503 3794 625 3866 virpa'nali
667 3795 954 3868 prediatus-Quid,
967 3795 1038 3867 quiri,
1052 3795 1179 3860 ethure
1212 3793 1215 3800 “

126 3869 256 3942 preditam
277 3871 449 3928 verecundia!
468 3899 480 3922 ι
500 3875 624 3930 Imuice:
668 3875 841 3940 machinatio;
855 3873 1178 3946 etgeminataroxestad

128 3950 251 4022 Significat
262 3951 335 4005 enim
349 3951 426 4006 illum
442 3952 553 4026 pudoris
565 3975 624 4010 orn·
667 3955 824 4010 viridiorem
838 3953 984 4026 Pythiados
1000 3971 1089 4008 secum
1104 3953 1177 4024 cogi·

128 4031 164 4085 nis
176 4043 304 4101 expertem
323 4044 350 4086 et
367 4031 511 4104 pudicitiae.
525 4036 622 4090 Parna-
667 4036 746 4090 tantis
754 4034 1019 4108 representationem.

129 4111 343 4168 biasretioentiam
350 4105 548 4186 aliter'explet:·
559 4116 621 4170 vir·
706 4135 775 4186 9¹0·
795 4113 919 4187 Saeuiego
934 4115 979 4170 tut
990 4112 1034 4170 Sic
1047 4113 1125 4168 Both.
1146 4127 1173 4167 et
