2890 4866
231 351 291 400 nvi
496 329 670 398 VICTOR
696 330 760 400 DE
787 327 1039 400 COMOEDIA.

230 459 369 532 lecisset.
392 463 466 532 Hoc
487 485 632 556 namque
656 461 751 534 multi
774 461 959 532 domestico
977 460 1101 557 probro
1119 463 1214 558 quasi
1237 463 1308 534 fla·

232 565 318 664 gello
332 567 477 664 quodam
496 571 604 638 vexati
614 623 624 654 ,
636 593 739 664 quum
750 593 861 639 mores
876 570 1305 665 prseteritosmutare,turn

231 673 284 744 vel
299 699 370 745 csse
384 675 485 770 frugi,
506 674 559 744 vel
580 673 697 746 saltem
719 699 879 771 apparere
892 673 1117 770 cogebantur3
1130 699 1172 744 ne
1186 676 1305 746 denuo

231 807 301 852 sese
329 780 414 852 male
438 795 608 877 gerentes,
628 779 714 852 male
734 781 913 854 identidem
936 778 1109 852 audirent:
1131 781 1226 875 cujus
1249 783 1304 852 rei

231 913 388 958 numeros
396 913 512 962 omnes
522 890 678 959 Cratinus
688 889 809 960 dieitur
818 886 1154 984 implevisse;quippe
1170 889 1302 958 ceteris

233 995 423 1066 austeritate
443 1009 629 1091 praestans,
653 995 864 1066 acerbissima
885 995 994 1090 jurgia
1025 993 1211 1089 procaciter
1236 1019 1303 1064 ex·
1428 1031 1429 1036 κ

230 1101 379 1196 spuebat.
401 1105 473 1172 Hac
492 1103 591 1171 etiam
613 1103 647 1172 in
669 1115 763 1199 parte
778 1103 887 1172 bonus
906 1100 960 1172 ille
972 1100 1210 1195 Aristophanes
1229 1125 1302 1171 non

230 1207 430 1278 dormitavit.
453 1207 534 1304 Ejus
547 1210 635 1279 enim
655 1213 775 1305 Vesper
794 1206 938 1298 Fabula,
954 1220 1120 1304 quotquot
1131 1221 1228 1277 erant
1246 1233 1302 1302 sy·

231 1313 426 1410 cophantae,
446 1339 530 1410 quos
550 1315 683 1412 quidem
700 1317 770 1411 ipse
789 1328 889 1385 vocat
904 1315 1069 1402 ἠπιαλους,
1090 1312 1169 1384 fecit
1184 1313 1227 1382 ab
1244 1315 1303 1383 in·

232 1435 330 1516 cepto
349 1421 528 1508 desistere,
544 1447 611 1518 quo
624 1423 711 1492 inter
722 1433 840 1494 caetera
856 1420 1002 1491 facinore
1015 1434 1145 1490 tantum
1160 1417 1303 1515 placuit,

231 1541 271 1595 ut
280 1525 531 1624 oleagina,quae
542 1553 603 1624 par
618 1542 784 1600 estaureae
797 1553 946 1617 coronae,
961 1525 1152 1597 donaretur.
1169 1525 1304 1597 Deinde

231 1631 436 1705 labefactatis
467 1633 583 1731 populi
612 1636 757 1722 viribus,
778 1660 882 1731 quum
898 1633 1022 1704 scilicet
1048 1633 1223 1728 imperium
1257 1633 1303 1702 ad

109 1757 113 1766 ’
231 1763 357 1834 paucos
378 1743 514 1812 omnino
532 1741 717 1830 recidisset,
735 1740 826 1812 nulla
846 1742 952 1836 poetis
970 1739 1112 1836 amplius
1130 1738 1231 1810 libere
1252 1737 1302 1809 lo-

234 1846 358 1940 quendi
375 1847 515 1919 facultas
534 1849 799 1936 concedebatur;
811 1848 870 1918 sed
890 1872 1005 1943 poenas
1030 1847 1110 1916 dare
1132 1849 1301 1941 potentio·

234 1951 325 2022 ribus
342 1977 476 2025 necesse
494 1971 585 2043 erat,
607 1960 634 2027 si
655 1959 730 2052 quis
751 1953 805 2024 vel
823 1957 995 2026 minimum
1013 1968 1099 2024 esset
1112 1951 1301 2024 oblocutus.

233 2057 325 2128 Idem
336 2063 424 2132 enim
436 2061 978 2160 Aristophanes,quemadmodum
990 2060 1303 2130 indebarnensibus

232 2165 358 2239 Fabula
374 2167 417 2238 de
437 2170 558 2266 seipse
575 2171 742 2258 meminit,
757 2170 903 2265 quinque
924 2167 1125 2238 talentorum
1142 2166 1302 2238 mulctam

233 2295 410 2368 perpessus
429 2289 498 2360 est,
518 2291 694 2372 propterea
706 2274 796 2371 quod
813 2274 947 2345 Cleonis
961 2272 1133 2369 cujusdam
1146 2297 1188 2343 ex
1203 2274 1304 2342 Athe-

234 2379 397 2450 niensium
416 2383 630 2477 optimatibus
646 2382 874 2477 impotentiam
886 2395 920 2452 et
933 2379 1123 2477 peculatum
1133 2405 1194 2474 per
1204 2381 1303 2474 Equi·

234 2497 285 2554 tes
306 2485 467 2558 Fabulam
482 2487 638 2586 detegere
659 2503 845 2560 conaretur.
859 2490 992 2558 Etenim
1009 2485 1055 2557 illi
1069 2485 1153 2556 adeo
1171 2486 1234 2556 luit
1250 2488 1302 2556 in·

236 2589 435 2681 lensus,ut,
452 2597 607 2690 quoniam
627 2596 670 2664 ab
692 2595 812 2691 opifice
833 2619 1009 2691 personam
1027 2592 1145 2665 Cleoni
1160 2591 1300 2663 similem

127 2771 130 2780 Α
236 2695 361 2768 babere
380 2725 450 2770 non
471 2716 600 2796 posset,
626 2702 686 2772 sibi
707 2699 802 2772 milto
828 2701 1011 2796 ceterisque
1034 2699 1068 2770 id
1093 2723 1198 2796 genus
1218 2698 1303 2770 fucis

236 2807 475 2877 concinuerit:
502 2807 783 2904 histrionibusque
808 2834 877 2905 prae
911 2809 1015 2877 nimio
1040 2821 1132 2877 metu
1161 2832 1181 2876 e
1205 2829 1304 2876 scena

236 2911 371 3007 prodire
396 2939 464 2984 non
491 2915 708 3005 audentibus,
734 2913 868 2987 Cleonis
891 2937 1067 3010 personam
1092 2911 1182 2983 solus
1204 2937 1304 3008 agere

236 3041 305 3088 non
323 3017 494 3090 dubitarit.
515 3020 652 3116 Eupolis
671 3046 753 3093 vero
769 3045 919 3118 praeceps
939 3021 973 3090 in
996 3043 1088 3089 mare
1112 3019 1209 3090 datus
1231 3033 1303 3109 est,

237 3147 278 3194 eo
296 3125 387 3218 quod
403 3129 605 3221 potentiores
616 3127 741 3224 aliquot
757 3130 791 3198 in
806 3128 920 3223 Baptis
933 3124 1045 3196 fabula
1059 3124 1302 3196 momordisset.

237 3230 353 3320 Quum
369 3233 469 3330 igitur
475 3234 546 3304 haec
561 3235 863 3306 animadverterent
871 3247 994 3331 poetae,
1008 3234 1229 3303 decreverunt
1243 3233 1304 3302 sibi

238 3335 310 3406 lore
330 3363 466 3434 prorsus
484 3365 505 3410 a
526 3340 707 3412 maledictis
725 3338 786 3411 illis
808 3339 1071 3436 temperandum.
1093 3342 1212 3435 Itaque
1230 3337 1304 3434 styli

239 3465 356 3516 nasum
385 3447 430 3516 ob
455 3449 630 3518 imminens
655 3450 731 3517 vitoe
751 3446 929 3518 discrimen
953 3446 1020 3516 alio
1047 3459 1304 3533 converterunt,

239 3549 394 3645 poemata
421 3554 544 3624 scilicet
573 3556 712 3624 Homeri
735 3551 788 3626 vel
813 3552 948 3624 alterius
968 3555 1002 3623 in
1020 3551 1200 3622 ludibrium
1219 3573 1304 3648 stepe

238 3657 372 3755 quidem
400 3661 556 3756 injuriose
583 3675 776 3731 vertentes:
801 3685 944 3756 quorum
972 3662 1120 3730 maxime
1145 3659 1306 3730 Cratinus

239 3787 346 3836 scenae
367 3766 557 3864 populoque
582 3760 640 3856 (ut
658 3756 774 3862 aiunt)
799 3770 923 3838 servire
949 3767 1131 3838 contendit.
1155 3757 1306 3844 Noverat

241 3874 327 3943 mim
349 3867 546 3966 (arbitror)
565 3873 598 3944 id
620 3875 711 3970 quod
731 3877 767 3946 in
783 3877 945 3945 Oratione
961 3874 1004 3944 de
1023 3876 1157 3944 Corona
1177 3876 1305 3943 Demo·

240 3982 371 4052 sthenes
390 3985 522 4067 asserit,
544 4005 614 4052 esse
632 3998 750 4053 natura
772 3997 1017 4077 comparatum,
1036 3995 1075 4050 ut
1091 3981 1243 4052 homines
1263 3977 1301 4048 li·
