3000 4866
300 383 358 429 xvi
704 358 968 428 PRAEFATIO

299 488 569 578 satisconstabit,
580 487 659 582 quid
672 513 804 578 verum,
818 489 899 583 quid
909 492 1035 580 minus3
1044 507 1157 564 utrum
1171 499 1292 570 rectius
1306 489 1364 589 sit',

298 598 389 694 quod
409 597 558 690 antique,
574 620 617 663 an
636 593 737 678 illud,
757 594 846 689 quod
867 599 1031 666 recentius
1051 600 1223 672 scribatur.

352 706 524 775 Donatum
551 701 668 788 citavi,
705 715 821 796 utpote
851 725 871 770 a
903 704 1138 776 Westerhovio
1170 708 1366 807 plerumque

298 810 510 882 emendatum
531 822 628 902 atque
647 821 843 877 correctum.
867 811 1008 880 Constat
1022 812 1109 880 enim
1132 811 1224 885 illurn
1239 817 1281 886 ad
1294 843 1366 890 nos·

298 933 352 988 tra
369 940 472 1011 usque
494 929 645 1009 tempora
665 939 734 984 non
761 915 928 1009 integrum
952 919 1150 1011 pervenisse.
1173 924 1259 992 Huic
1284 949 1365 994 vero

299 1051 368 1095 non
385 1049 472 1118 nego
493 1046 546 1089 me
567 1018 709 1115 plurima
726 1019 866 1106 debere,
887 1047 960 1117 quae
979 1025 1168 1118 pertineant
1193 1027 1235 1096 ad
1259 1054 1367 1100 emen-

224 1123 227 1130 *
298 1130 444 1201 dandum
465 1125 517 1197 vel
532 1125 764 1221 explicandum
782 1125 1078 1224 illustrandumque
1098 1134 1244 1202 Poetam.
1263 1136 1367 1206 Dedit

298 1252 410 1307 autem
428 1232 632 1330 singularum
654 1257 828 1302 scenarum
851 1248 1066 1330 argumenta,
1095 1261 1169 1331 qure
1191 1238 1279 1310 illinc
1305 1242 1369 1312 fre·

299 1358 438 1441 quenter
467 1353 636 1409 mutuatus
656 1365 730 1409 sum
758 1341 1027 1410 incommodum
1053 1367 1165 1414 meum
1196 1346 1365 1418 translata.

298 1451 402 1520 Dives
422 1463 472 1517 est
489 1448 588 1518 etiam
613 1459 647 1514 et
668 1447 960 1541 grammaticarum
982 1463 1017 1517 et
1037 1449 1277 1522 rhetoricarum
1302 1457 1369 1523 ani·

299 1555 575 1625 madversionum.
590 1555 713 1621 Praeter
726 1577 802 1621 eum
816 1552 921 1623 multa
935 1555 1018 1623 mihi
1035 1554 1211 1652 explicanti
1224 1559 1366 1654 praebuit

299 1686 431 1758 quoque
450 1685 490 1730 ae
510 1659 773 1730 subministravit
797 1662 1022 1731 Westerhovii
1051 1662 1179 1750 Editio,
1201 1689 1274 1758 quae
1300 1666 1393 1734 the⁴

299 1793 435 1840 sautum
452 1767 601 1837 continet
617 1766 760 1860 ingentis
775 1764 944 1836 doctrinm.
961 1770 1041 1838 Post
1054 1770 1227 1840 Donatum
1246 1797 1367 1841 memo

299 1875 422 1944 raudus
445 1887 495 1942 est
507 1873 734 1969 Eugraphius,
749 1873 806 1966 qui
824 1875 1002 1944 sententias
1021 1876 1168 1944 Terentii
1179 1873 1367 1966 dialectice,

300 2006 395 2052 more
410 2005 477 2050 suae
497 1979 621 2065 aetatis,
635 1977 831 2066 adumbrat,
846 1995 905 2048 aut
917 1981 1157 2050 circumscribit
1170 1983 1286 2052 iisdem
1299 1983 1368 2054 fere

301 2088 429 2177 verbis,
445 2086 564 2180 quibus
586 2086 657 2179 ipse
678 2109 757 2154 usus
778 2083 886 2154 fuerat
905 2088 1018 2156 Poeta.
1038 2089 1192 2181 Sequitur
1209 2086 1370 2183 Calphur·

302 2197 395 2283 nius,
412 2195 469 2288 qui
485 2191 724 2262 commentario
752 2215 814 2260 suo
836 2193 871 2259 in
892 2194 1118 2262 Heautontim.
1138 2219 1273 2288 operam
1295 2221 1369 2265 nos·

300 2315 386 2370 tram
405 2299 630 2392 maximopere
649 2295 813 2366 allevavit.
831 2299 884 2366 De
905 2299 977 2392 ipso
992 2298 1131 2368 fecimus
1149 2301 1270 2395 passim
1294 2300 1369 2396 plu-

261 2403 268 2410 ’
300 2407 392 2475 ribus
400 2403 699 2474 locismentionem.
712 2404 866 2471 Muretus
877 2402 979 2473 edidit
987 2419 1222 2499 argumentaet
1232 2421 1368 2476 actuum

301 2523 335 2582 et
353 2535 541 2597 scenarum,
559 2534 626 2602 quo
648 2533 747 2578 nemo
765 2523 823 2577 aut
839 2507 973 2580 latinius
984 2525 1041 2579 aut
1061 2513 1254 2605 expressius.
1269 2513 1369 2583 Bent-

301 2619 386 2689 leius
403 2615 520 2687 nullibi
542 2628 783 2684 commentatus
797 2629 847 2684 est
863 2615 1063 2710 quidquam,
1077 2617 1140 2685 nisi
1157 2617 1191 2685 in
1203 2617 1254 2687 his
1268 2617 1369 2710 locis,

302 2726 360 2794 ubi
381 2725 478 2794 metri
494 2722 545 2792 sui
566 2745 666 2790 causa
685 2719 719 2788 id
739 2744 824 2814 opus
851 2746 922 2791 esse
939 2721 1112 2816 judicaret.
1138 2726 1267 2794 Contra
1288 2727 1368 2794 Lin-

302 2831 503 2926 denbrogius
530 2829 564 2895 in
591 2853 632 2896 eo
653 2826 861 2911 intendebat,
880 2842 919 2897 nt
941 2844 1079 2924 propter
1100 2829 1203 2900 solam
1231 2829 1370 2925 explica·

303 2939 429 3008 tionem
456 2935 544 3004 dicta
565 2947 692 3028 peteret
715 2959 755 3003 ex
780 2934 818 3002 iis
840 2935 918 3029 ipsis
939 2935 1151 3024 auctoribus,
1172 2937 1229 3031 qui
1258 2939 1369 3007 minus

305 3057 414 3114 essent
431 3040 593 3137 vulgares.
608 3039 739 3110 Idcirco
754 3039 796 3107 ad
812 3040 1251 3126 Charisium‚Priscianum,
1271 3045 1370 3114 Asco-

304 3151 397 3219 nium
429 3147 629 3232 Pedianum,
653 3149 803 3231 Festum,
831 3148 1032 3233 Zenobium,
1062 3149 1264 3244 Diogenem,
1289 3164 1369 3238 ete,

304 3270 463 3356 tanquam
474 3253 581 3323 fontes
595 3251 785 3324 latentiores
803 3255 1071 3348 usquehaustum
1089 3258 1283 3349 penetravit.
1296 3259 1370 3324 Fan

305 3363 423 3432 nabius
436 3358 567 3431 notulas
581 3381 672 3427 raras
688 3360 828 3454 margini
841 3355 1005 3429 Editionis
1021 3384 1088 3431 suae
1104 3360 1268 3457 adspersit
1282 3386 1371 3455 egre

306 3471 385 3564 gias.
418 3469 528 3537 Etiam
554 3465 745 3534 Ruhnkenii
773 3465 1037 3550 observationes,
1058 3491 1131 3560 quae
1160 3493 1237 3536 cum
1255 3466 1372 3537 codice

306 3578 423 3643 Bruns.
440 3573 528 3642 edito
542 3570 838 3661 circumferuntur,
858 3571 966 3642 lucem
982 3571 1288 3642 alleruntTerentio
1302 3599 1372 3642 non

306 3681 469 3775 exiguam.
495 3678 592 3748 Addo
616 3679 775 3766 Pareum,
796 3679 853 3774 qui
882 3679 917 3748 in
939 3703 979 3748 eo
1010 3680 1211 3774 praecipuam
1239 3677 1371 3748 laudern

306 3788 418 3883 posuit
439 3809 478 3855 ac
495 3787 633 3872 meruit,
650 3799 688 3852 ut
707 3782 836 3880 ellipses
849 3785 1066 3854 Terentianas
1082 3787 1170 3855 notis
1188 3783 1373 3879 marginali·

305 3895 368 3964 bus
378 3894 450 3978 suis
466 3891 624 3986 expleret.
645 3889 749 3986 Cujus
761 3915 841 3961 vero
853 3891 1030 3980 Editionis,
1040 3917 1082 3960 ne
1095 3892 1129 3961 id
1141 3914 1272 3986 quoque
1287 3915 1371 3985 prae·

306 4003 503 4086 termittam,
521 3994 673 4094 exemplo
696 3999 877 4092 presertim
901 3998 1106 4092 gaudebam,
1127 3998 1184 4068 ubi
1202 4011 1297 4070 notas
1319 3996 1370 4066 of·
