2890 4866
491 391 560 462 DE
589 391 852 462 THEATRO.
1098 417 1210 465 cxxxv

135 537 224 585 surae
242 509 483 610 procurrentes
494 529 609 602 eraut,
625 501 768 613 quarum
790 539 859 584 una
872 513 1052 603 efficiebat,
1066 531 1105 585 ut
1118 531 1214 588 acto-

135 647 232 694 resa
253 623 348 712 foro,
371 621 495 710 altera,
516 638 555 694 at
576 649 718 720 peregre
740 623 876 719 prodire
896 640 956 694 ant
977 623 1056 696 illuc
1081 627 1215 723 regredi
1295 629 1302 644 '

133 732 342 804 viderentur.
353 737 395 804 ln
407 732 516 804 media
527 758 625 804 scena
633 734 747 804 Valvae
759 736 1214 830 Regiaeconformataecrant,

133 843 225 915 circo
238 869 323 940 quas
335 846 494 940 utrinque
508 843 646 916 fuerunt
663 845 849 942 composita
862 846 1050 941 H'ospitalia
1065 873 1140 943 quae
1154 874 1214 918 vo-

135 969 194 1025 cat
214 955 411 1044 Vitruvius,
430 955 590 1050 equibus
608 969 738 1027 actores
757 954 921 1052 prodiisse
939 969 1033 1054 puto.
1051 959 1219 1030 Omnium

136 1090 334 1156 scenarum,
357 1091 441 1161 quas
462 1067 607 1137 Romani
632 1068 667 1136 in
685 1059 832 1138 Theatro
852 1091 1002 1162 unquam
1020 1081 1214 1139 construasb

136 1193 240 1267 runt,
258 1175 359 1274 longe
371 1176 580 1249 nobilissima
592 1175 657 1247 fuit
671 1202 729 1264 ea,
745 1202 847 1273 quam
865 1180 915 1248 M.
931 1179 1077 1248 Scaurus
1091 1179 1126 1248 in
1138 1177 1215 1249 aedi·
1298 1249 1301 1261 ,

136 1286 233 1378 litate
248 1313 309 1359 sua
328 1289 528 1360 construxit.
547 1291 633 1360 Eam
652 1287 820 1383 triplicem
837 1287 938 1358 fuisse
956 1289 1058 1359 refert
1072 1289 1214 1376 Plinius,

139 1395 321 1468 altitudine
341 1395 414 1469 360
431 1393 677 1470 columnarum.
696 1401 770 1469 lma
787 1423 867 1495 pars
884 1423 991 1469 scenae
1009 1424 1214 1472 marmoreos

138 1508 261 1579 laabuit
280 1509 441 1604 parietes,
459 1533 530 1579 non
548 1507 645 1580 facile
659 1507 800 1580 dixerim
819 1525 926 1594 sectos
943 1536 987 1580 an
1007 1510 1122 1583 solidis
1143 1513 1213 1608 gle-

137 1619 193 1690 bis
214 1618 348 1715 politos.
372 1617 486 1690 Media
518 1619 583 1690 fuit
608 1645 628 1690 e
651 1621 760 1707 vitro',
790 1621 943 1692 inaudito
969 1623 1069 1692 etiam
1096 1640 1217 1720 postea

138 1753 262 1826 genere
282 1728 434 1800 luxurie.
453 1732 598 1800 Summae
618 1729 741 1800 tabulis
762 1730 925 1802 inauratis
938 1730 1119 1820 columnae,
1140 1735 1219 1803 imae

137 1809 505 1937 duodequadragenum
523 1840 660 1937 pedum.
680 1840 784 1937 Signa
810 1865 905 1912 cerea
931 1843 1020 1913 inter
1040 1843 1216 1915 columnas

137 1952 300 2038 fuerunt,
323 1955 388 2024 tria
410 1952 689 2052 millianumero.
711 1951 777 2026 Sed
802 1967 836 2022 et
864 1951 1012 2048 reliquus
1034 1970 1216 2048 apparatos

138 2078 255 2136 tantus
280 2062 423 2134 Attalico
442 2078 551 2150 veste,
571 2059 833 2158 tabulis'pictis,
852 2075 1038 2156 caeteroque
1056 2064 1217 2160 choragio

139 2173 224 2261 fuit,
245 2189 284 2244 ut
305 2175 341 2243 in
359 2171 585 2245 Tusculanam
606 2171 720 2242 villam
747 2173 923 2266 reportatis
943 2197 1018 2266 quae
1035 2174 1217 2268 superflue·

138 2285 225 2354 bant
240 2283 426 2380 quotidiani
443 2309 524 2354 usus
543 2282 686 2370 deliciis,
701 2282 835 2353 incensa
849 2281 927 2352 villa
941 2283 984 2352 ab
1003 2284 1097 2354 iratis
1111 2287 1215 2356 servis

139 2409 410 2465 concremaretur
420 2395 464 2465 ad
476 2392 666 2466 sestertium
681 2392 812 2463 millies.
824 2395 1009 2464 Scenarum
1024 2410 1136 2464 autem
1151 2395 1214 2492 (ait

138 2502 338 2600 Vitruvius)
352 2531 473 2600 genera
486 2520 564 2580 sunt
577 2507 639 2576 tria
650 2559 659 2594 ,
670 2529 777 2575 unum
789 2502 882 2601 quod
900 2504 1024 2575 dicitur
1035 2507 1213 2602 tragicum,

136 2631 241 2713 atque
262 2617 298 2687 id
319 2617 471 2688 omnium
493 2617 820 2712 sumptuosissimum
840 2615 907 2686 fuit
922 2643 930 2687 :
945 2614 1088 2718 alterum
1106 2621 1214 2688 comi-

136 2751 217 2798 cum
234 2753 243 2796 :
259 2729 395 2798 tertium
413 2728 596 2799 satiricum.
608 2731 740 2798 Horum
753 2743 866 2798 autem
881 2743 1020 2798 ornatus
1034 2743 1114 2798 sunt
1127 2731 1215 2798 inter

136 2861 174 2907 se
193 2836 388 2924 dissimiles,
401 2837 594 2933 disparique
610 2839 741 2908 ratione
751 2865 759 2908 ε
769 2840 905 2946 tragicas
918 2839 1008 2909 enim
1025 2838 1214 2909 deforman-

136 2963 196 3018 tur
216 2947 403 3036 columoi's,
425 2949 591 3046 fastigiis,
614 2965 648 3020 et
673 2951 795 3045 signis,
820 2948 1024 3044 reliquisque
1045 2949 1214 3045 regalibus

136 3061 259 3130 rebus:
277 3060 413 3130 comioae
428 3053 543 3130 autem
563 3059 780 3130 edificiorum
798 3060 1008 3154 privatorum
1030 3075 1064 3130 et
1084 3061 1213 3130 menia-

135 3163 261 3239 norum
281 3169 410 3240 habent
429 3171 593 3266 speciem,
613 3184 877 3268 prospectusque
896 3170 1049 3240 fenestris
1068 3169 1212 3264 disposi-

136 3295 209 3369 tos,
224 3281 278 3350 ¹ad
300 3283 522 3352 imitationem
553 3282 785 3352 communium
810 3279 1052 3350 edificiorum:
1072 3281 1221 3350 satirican

135 3415 218 3462 vero
233 3407 398 3462 ornantur
413 3391 601 3480 arboribus,
618 3390 796 3488 speluncis,
809 3390 992 3478 montibus,
1010 3388 1215 3486 reliquisque

134 3503 325 3597 agrestibus
347 3502 468 3592 rebus,
491 3503 526 3571 in
548 3503 685 3598 topiarii
710 3504 822 3598 operis
842 3501 985 3598 speciem
1005 3500 1212 3574 deformatis.

133 3617 221 3685 Post
230 3638 364 3684 scenam
378 3615 533 3684 Porticus
547 3628 643 3684 erant
654 3607 873 3699 constructa,
887 3635 955 3705 quo
969 3635 1074 3705 quum
1090 3613 1218 3682 imbres·

135 3728 305 3823 repentini
326 3727 443 3798 Endos
465 3724 778 3822 interpellaveram,
808 3739 935 3794 actores
952 3747 986 3792 se
1007 3724 1213 3819 recipiebant

133 3861 177 3906 ex
193 3837 341 3934 pulpito,
362 3853 421 3907 aut
435 3839 469 3906 in
488 3837 610 3932 quibus
624 3838 767 3906 vestium
785 3833 1065 3904 commutationes
1078 3847 1115 3903 et·
1127 3859 1208 3929 per-

133 3973 299 4020 sonarum·
314 3947 509 4018 indumenta
536 3946 810 4018 adseruabantur.
829 3947 952 4048 Ipsam-
963 3958 1079 4013 antem
1094 3967 1211 4038 perso-

133 4085 256 4136 narum
275 4059 602 4156 repraesentationem
624 4059 660 4128 in
678 4081 795 4146 scena,
814 4069 922 4150 atque
936 4053 1019 4124 adeo
1040 4081 1210 4152 compost·

1023 4162 1053 4245 f.
