3000 4866
265 421 396 477 xrurv111
464 394 757 465 DISSERTATIO
775 394 892 466 NOVI
908 392 1131 463 Eultttms.

262 532 333 626 ipsa
351 530 413 600 sibi
429 527 625 626 respondet,
650 528 685 598 in
705 527 792 598 notis
812 527 855 598 de
868 527 937 596 vita
956 526 1123 596 Terentii:
1153 554 1171 591 α
1189 525 1270 612 Cela
1285 555 1330 601 ne

267 635 428 713 «conclut
444 637 532 722 rien;
544 632 692 726 Phedre,
705 636 763 728 qui
782 633 905 704 actoris
923 633 950 705 si
964 646 1141 727 purament
1155 647 1188 702 et
1207 635 1233 716 si
1253 633 1334 729 poli·

269 757 388 818 ament
400 767 443 812 en
457 741 556 832 latin,
568 754 603 812 et
615 741 672 834 qui
687 763 708 810 a
723 764 761 809 su
779 741 807 829 si
825 740 902 809 bien
919 738 1061 834 prendre
1080 737 1111 808 le
1125 753 1202 812 tour
1214 739 1256 810 de
1274 744 1333 814 Τό·

267 842 413 934 arence,
435 849 514 920 etait
537 873 583 918 un
602 844 732 920 esclave
753 846 929 941 originaire
951 845 993 915 de
1009 846 1148 917 Thrace.
1164 849 1332 920 Personae

268 980 339 1030 une
360 955 401 1026 l’a
421 968 579 1051 pourtant
597 953 716 1046 jamnis
730 953 923 1048 soupoonne
944 951 1069 1024 d’avoir
1089 977 1131 1022 eu
1155 952 1269 1041 besoin
1289 955 1332 1025 de

267 1085 436 1133 «moeurs.
460 1058 635 1133 D'ailleurs
661 1060 809 1136 Terence
833 1059 971 1155 pouvait
994 1059 1088 1129 avoir
1113 1055 1164 1128 ete'
1190 1060 1286 1132 mend
1310 1061 1331 1130 a

268 1171 404 1238 «Rome
429 1192 519 1240 assez
543 1167 643 1261 jaune
671 1191 760 1260 pour
789 1169 883 1238 avoir
912 1167 1128 1237 enticrement
1159 1165 1268 1236 outlie'
1295 1193 1352 1240 sa,

268 1273 428 1370 «langue,
437 1289 472 1343 et
489 1298 575 1369 pour
592 1271 688 1343 s’etre
708 1272 814 1354 rendu
831 1273 864 1344 la
879 1272 999 1367 langue
1015 1271 1115 1342 latine
1131 1272 1328 1352 naturellem

311 1385 388 1452 Non
418 1380 541 1450 diutius
570 1379 832 1468 immorabimur,
861 1394 899 1450 ut
920 1381 954 1450 in
970 1377 1108 1474 planum
1126 1378 1330 1460 adducamus

263 1501 424 1580 quantum
436 1486 507 1557 haec
520 1486 607 1570 inter
619 1510 654 1558 se
671 1501 868 1582 repugnent.
886 1484 1060 1557 Silentium
1073 1485 1164 1580 quod
1178 1486 1220 1556 de
1237 1511 1276 1556 ea
1294 1513 1331 1558 re

261 1607 396 1684 serrant
411 1591 609 1664 Plutarchus
634 1605 668 1664 et
692 1592 804 1688 plures
824 1617 864 1664 ex
880 1593 1022 1674 inimicis
1034 1594 1202 1681 Terentii,
1218 1594 1330 1688 opinio

259 1700 447 1785 Ciceronis,
469 1699 576 1794 major
590 1701 662 1794 ipse
682 1725 842 1771 uumerus
863 1725 980 1770 eorum
998 1724 1083 1793 quos
1094 1697 1212 1771 volunt
1226 1700 1329 1770 invidi

260 1807 295 1873 in
317 1820 445 1900 partem
469 1807 660 1875 Terentiani
682 1805 805 1876 laboris
829 1829 967 1887 sonare,
991 1820 1105 1878 tenera
1132 1807 1229 1876 nimis
1255 1808 1327 1878 Sci-

257 1913 367 2003 pionis
381 1925 415 1996 et
432 1910 525 2002 Laelii
537 1913 713 2007 juventus,
731 1914 803 2007 ipsa
818 1912 958 2007 denique
977 1912 1123 1982 Terentii
1136 1911 1327 2006 denegatio,

258 2020 336 2090 satis
354 2043 519 2114 superque
534 2034 627 2106 sunt,
640 2020 703 2089 nisi
721 2018 882 2105 fallimur,
895 2019 1015 2114 quihus
1028 2020 1071 2096 ad
1084 2016 1165 2087 nihil
1179 2019 1329 2090 recidant

257 2123 427 2198 malevole
447 2126 701 2197 criminationes.
716 2128 843 2196 Verum
873 2127 1044 2212 enimvero
1071 2125 1151 2220 quid
1179 2124 1271 2210 inde,
1301 2126 1328 2196 si

257 2234 320 2302 ista
340 2257 408 2303 non
435 2234 471 2302 in
494 2256 618 2302 vanum
638 2231 791 2302 abirent?
808 2231 882 2304 duae
904 2235 959 2301 vel
983 2247 1051 2305 tres
1077 2231 1246 2302 comoediae
1264 2233 1326 2301 Te-

257 2339 365 2407 rentio
379 2337 491 2408 forsan
507 2338 784 2408 detraherentur:
800 2365 873 2433 quae
890 2353 1003 2416 tamen
1019 2351 1145 2410 restant
1159 2362 1237 2408 cum
1255 2336 1327 2413 aliis

257 2457 400 2538 quatw
420 2445 556 2519 minime
576 2447 788 2540 impugnatis.
804 2449 865 2530 Hae
883 2447 984 2540 igitur
1003 2459 1037 2514 et
1056 2441 1119 2514 alia
1134 2469 1236 2540 opera
1252 2470 1326 2539 quae

256 2563 492 2643 composuerat
508 2551 543 2620 in
557 2551 706 2630 Graecia,
721 2551 838 2646 procul
857 2555 950 2624 omni
970 2550 1137 2638 subsidio,
1153 2552 1326 2624 manifeste

257 2656 526 2752 predicantnon
549 2655 595 2726 illi
618 2655 747 2728 auxiliis
771 2658 885 2730 alienis
908 2683 994 2754 opus
1017 2657 1135 2743 fuisse3
1152 2671 1204 2742 et,
1223 2659 1326 2728 invita

256 2762 424 2832 zoilorum
443 2760 580 2846 invidia,
596 2761 715 2836 validis
734 2765 934 2838 confirmant
954 2765 1177 2836 fundamentis
1193 2763 1324 2836 laudem

255 2885 370 2946 nostro
389 2871 499 2944 Poste
519 2871 554 2960 iu
572 2884 735 2948 aternum
754 2895 954 2952 mansuram.

590 3041 986 3092 *qm-.-

328 3205 409 3292 ΒΕ
431 3203 780 3304 Talentum
802 3205 880 3318 ΕΤ
902 3203 1242 3294 cononum.

302 3447 455 3517 iurarunt
469 3444 652 3540 Tragoedias
671 3460 705 3514 et
725 3443 906 3516 Comoedite
924 3469 944 3514 a
962 3445 1061 3515 rebus
1072 3445 1194 3514 divinis
1208 3459 1259 3515 est
1271 3449 1320 3514 in·

250 3551 426 3650 choatumy:
441 3552 561 3647 quibus
572 3576 634 3646 pro
646 3549 808 3639 fructibus
825 3567 903 3622 vota
916 3549 1081 3622 solventes
1093 3552 1319 3648 operabantur

290 3779 316 3814 r.
330 3759 397 3828 Quae
409 3757 455 3811 hic
469 3755 692 3831 deTragoediaet
704 3759 758 3813 Cos
803 3762 911 3832 ejusque
929 3759 969 3814 rei
995 3758 1222 3814 evidentissimum
1243 3779 1322 3832 argu-

248 3839 345 3900 moedia
358 3839 524 3904 referuntur,
538 3857 569 3892 ea
582 3839 759 3906 non,utalii,
803 3853 925 3894 mentum
938 3838 1080 3912 cst,quod
1094 3841 1143 3893 sub
1164 3841 1245 3911 hujus
1259 3857 1323 3893 eru·

247 3941 279 3974 ex
294 3921 415 3976 Cornuto
437 3919 479 3972 vel
502 3921 588 3992 Aspro
602 3919 758 3990 desumpta,
803 3917 925 3975 ditissimi
938 3920 1101 3995 grammatici
1113 3915 1321 3991 nominelquem

245 3999 294 4054 sed
309 4019 341 4053 ex
363 3999 487 4055 Evanrhfi
504 3998 702 4053 Commentario
729 3999 759 4051 iu
804 3997 965 4053 iisdemeum
973 3993 1078 4060 Donato
1087 3998 1320 4070 temporibushoc

245 4079 398 4134 Terentium
427 4079 520 4132 selecta
549 4097 603 4132 esse
626 4078 759 4132 arbitror:
804 4093 859 4151 cst,
872 4080 981 4154 Olymp.
1005 4079 1077 4146 285,
1099 4077 1224 4150 regname
1245 4081 1320 4157 Con-
