2890 4866
332 429 394 495 DE
422 427 592 494 METRIS
619 424 932 494 TERENTIANIS.
1085 446 1164 492 extr

83 565 134 630 At
150 587 217 630 non
232 561 326 656 Epici
342 558 449 628 solum
465 572 589 653 poetae,
605 557 777 626 sedetiam
793 557 921 626 Comici
934 555 1020 624 banc
1035 580 1168 626 caesurae
1285 569 1290 580 ’

80 669 205 738 sedern
226 669 260 735 in
280 667 436 736 trimetris
460 679 613 750 servant,
629 679 666 732 ut
686 668 829 733 Noster:

211 841 255 898 Ne
269 839 318 896 citt
330 842 367 896 sr't
381 851 508 896 vestrum
525 835 532 914 Ι
549 844 650 893 mirum
658 879 668 907 ,
691 841 850 912 carparte's
862 839 926 895 seni

211 937 306 993 Poe'ta
314 978 324 1006 ,
344 933 473 1014 dederit}
493 933 560 1010 qucb
571 934 882 990 suntadolescentium.

144 1099 580 1194 §.6.Quintilianus1nstit.
592 1104 688 1172 Orat.
704 1105 755 1197 X,
767 1127 798 1190 r,
810 1125 878 1196 99:
899 1104 961 1170 aln
972 1102 1165 1186 Comoedia,

84 1213 219 1306 inquit,
235 1212 377 1281 maxime
389 1209 633 1296 claudicamus,
648 1209 725 1278 licet
741 1211 888 1278 Terentii
903 1209 1025 1304 scripta
1037 1208 1079 1277 ad
1094 1211 1166 1278 Sci·

84 1320 227 1413 pionem
244 1317 439 1412 Africanum
460 1316 668 1386 referantur:
685 1341 759 1410 quae
778 1329 890 1385 tamen
905 1318 940 1385 in
960 1316 1026 1385 hoc
1047 1341 1176 1414 genere¹

84 1438 171 1493 sunt
191 1423 452 1518 elegantissima,
471 1436 505 1492 et
521 1421 597 1516 plus
619 1421 729 1492 adhuc
754 1421 911 1492 habitura
932 1425 1062 1517 gratiae,
1077 1423 1104 1490 si
1119 1413 1170 1490 in-'

85 1546 145 1600 tra
174 1553 290 1600 versus
318 1536 488 1600 trimetros
525 1531 734 1598 stetissent.»
758 1529 844 1617 Quae
868 1553 951 1599 vero
974 1527 1170 1618 Quintiliani

84 1637 187 1731 quasi
201 1638 310 1706 minus
322 1638 355 1706 iu
366 1637 432 1706 hac
446 1661 482 1704 re
494 1636 590 1731 periti
605 1635 737 1704 adserta
752 1625 1168 1730 Bentleius.multissdispu-
1194 1689 1197 1696 .

85 1745 170 1812 tatis
186 1741 323 1828 refellit,
343 1735 399 1837 qui
417 1743 542 1812 bonurn
558 1767 628 1812 esse
642 1743 823 1811 arbitratur
839 1757 938 1837 atque
952 1741 1102 1826 necesse,
1117 1767 1169 1811 res

85 1852 203 1918 varias
220 1848 453 1918 describendas
472 1873 629 1918 versuum
644 1873 778 1943 quoque
795 1851 974 1936 varietate,
993 1875 1051 1918 seu
1065 1848 1170 1917 diver-

88 1979 129 2024 sa
146 1955 205 2030 ἤθη
225 1957 277 2022 καὶ
291 1953 373 2028 atta
396 1955 527 2024 diverso
549 1957 696 2023 carmine
717 1955 875 2049 adjuvari.
900 1985 917 2020 a
930 1955 1017 2024 Illud
1040 1970 1170 2041 tamen,

88 2063 160 2144 ait,
178 2063 272 2154 prius
298 2062 566 2147 admonendum,
586 2061 746 2130 Nostrum
772 2063 896 2130 sicuta
917 2067 1076 2130 trimetris
1094 2085 1170 2130 suas

90 2167 241 2254 fabulas,
259 2167 359 2236 rebus
378 2167 617 2255 sedatioribus,
636 2168 826 2254 inchoasse,
848 2171 894 2238 ita
914 2193 1045 2262 semper
1067 2181 1168 2236 tetra-

90 2277 210 2344 metris
229 2273 392 2358 finivisse,
412 2276 534 2370 quippe
556 2274 646 2369 quod
672 2273 791 2344 fabulae
814 2275 1046 2370 catastrophe,
1065 2299 1168 2368 quum

91 2405 149 2452 res
166 2379 365 2450 turbulentae
385 2380 543 2476 paulatim
564 2396 598 2450 et
616 2405 703 2476 aegre
724 2380 996 2467 consilescerent,
1010 2381 1168 2451 boccar-

91 2490 194 2557 minis
214 2513 318 2582 genus
340 2511 462 2584 magno
483 2489 601 2584 spiritu
623 2487 863 2558 effundendum
884 2487 1076 2584 postularet.
1098 2491 1170 2556 Prae

92 2595 252 2664 omnibus
270 2610 381 2663 tamen
396 2595 558 2664 trochaici
574 2592 662 2689 pleni
675 2595 808 2664 firmum
825 2597 945 2665 actoris
960 2593 1046 2664 latus
1061 2595 1170 2689 requi·

94 2703 230 2788 rebant,
246 2702 301 2796 qui
320 2725 491 2796 nunquam
502 2700 628 2771 scilicet
636 2702 698 2779 nisi
714 2703 748 2769 in
763 2703 908 2772 maximo
924 2702 1106 2771 affectuum
1116 2717 1169 2770 tu-

93 2833 191 2878 more
207 2809 353 2876 veniunt.
712 2821 714 2828 ’

151 2936 187 3026 S.
217 2965 250 3036 7.
274 2942 378 3008 Porro
400 2966 500 3036 super
522 2941 583 3009 hos
611 2942 771 3010 iambicos
796 2941 1050 3036 trochaicosque
1073 2941 1171 3010 etiam

94 3052 247 3132 cretaeae,
269 3047 474 3134 bacchiacis‚
494 3047 793 3142 choriambicisque
813 3047 981 3135 versibus,
998 3048 1056 3116 sed
1071 3043 1171 3116 semel

95 3166 228 3223 tantum
246 3152 382 3247 singulis
401 3154 506 3222 utitur
523 3155 716 3239 Terentius,
734 3156 846 3249 eisque
860 3155 895 3222 in
911 3154 1067 3224 monodia
1083 3153 1172 3221 dun-

95 3273 207 3344 taxat,
227 3283 397 3353 nunquam
416 3261 450 3326 in
468 3258 656 3328 diverbia»

152 3387 188 3477 ὃ.
212 3389 245 3461 8.
262 3393 444 3460 Trimetros
460 3415 540 3461 vero
551 3415 667 3461 versus
686 3391 843 3462 iambicos
856 3395 1000 3462 Terentii
1018 3406 1052 3460 et
1068 3391 1175 3460 Plauti

97 3513 132 3566 et
150 3512 346 3568 caeterorum
362 3499 578 3568 Comicorum
597 3513 631 3568 et
647 3500 865 3594 Tragicorum
882 3502 930 3566 M.
940 3497 1068 3566 Tullius
1085 3523 1174 3567 sena-

100 3607 165 3673 rios
186 3603 268 3673 dicit
288 3619 321 3673 et
339 3607 502 3674 nominat.
526 3604 780 3694 «Quintilianus
805 3607 905 3674 etiam
933 3607 1102 3673 trimetros
1123 3631 1176 3674 se·

98 3713 209 3780 narios
228 3711 422 3781 nominavit.
440 3713 485 3779 Et
502 3711 633 3780 Flavius
650 3715 760 3807 Caper
779 3714 811 3781 in
830 3712 955 3781 artibus
974 3713 1040 3780 suis
1060 3713 1172 3781 trime-

101 3832 171 3886 tros
188 3841 304 3886 versus
323 3819 484 3886 iambicos
505 3820 652 3886 Terentii
671 3821 817 3888 senarios
833 3817 1047 3913 appellavit.»

153 3945 192 4035 §-
213 3972 246 4043 9.
267 3952 319 4018 De
339 3953 508 4022 Clausulr's
523 3953 561 4018 T.
572 3953 681 4020 Varro
698 3955 735 4020 L.
753 3953 876 4020 LVII.
894 3950 990 4021 dicit:
1002 3949 1175 4019 Clausulas

101 4057 249 4152 primum
273 4057 452 4152 appellatas
481 4058 614 4144 dicunt,
635 4057 724 4151 quod
747 4056 938 4127 clauderent
961 4059 1177 4140 sententiam,
