2926 4858
275 427 380 474 cxnrv
555 405 747 472 PERLETI
775 405 1070 474 DISSERTATIO

275 533 400 604 lutione
416 534 514 629 hujus
528 536 643 622 metri,
660 551 823 630 quantum
838 550 965 632 potest,
988 538 1183 607 comminuti
1207 537 1250 608 ad
1262 540 1347 609 ima·

275 642 387 734 ginem
410 667 516 736 prosae
538 643 705 711 orationis.

329 779 364 869 S.
398 781 453 855 15.
474 787 637 854 Praeterea
659 785 843 855 notandum
866 801 935 873 est,
957 801 996 855 ut
1017 789 1179 857 aGraecis
1203 789 1348 858 Comicis

275 891 450 960 descivisse
463 893 617 973 Latinos,
637 918 699 988 pro
718 894 875 962 brevibus
895 892 1026 988 syllabis
1042 893 1152 962 tardas
1170 892 1348 964 infulcien-

274 997 336 1084 do,
359 1000 405 1066 ita
428 998 562 1067 eosdem
583 1000 663 1068 vitio
688 1024 825 1093 prorsus
847 1003 1017 1069 contrario
1039 1024 1210 1095 peccasse,
1236 1003 1345 1070 corri-

275 1103 397 1199 piendo
418 1104 542 1174 scilicet
560 1105 721 1194 ejusmodi
738 1105 897 1200 syllabas,
919 1132 993 1202 quae
1008 1109 1043 1175 in
1058 1108 1179 1176 Latino
1194 1131 1348 1176 sermone

274 1212 341 1280 sint
354 1208 469 1305 longa.
485 1213 633 1281 Priorem
648 1210 805 1306 syllabam
819 1214 853 1281 in
865 1214 922 1282 tlte
935 1228 969 1282 et
981 1237 1056 1282 esse
1070 1226 1261 1282 constanter
1275 1239 1348 1309 pro·

272 1318 440 1387 ducebant
453 1320 565 1414 Epici,
579 1323 700 1388 Noster
714 1319 881 1389 interdum
893 1321 1041 1415 corripit,
1053 1320 1171 1414 saepius
1182 1319 1351 1416 producit.

272 1431 421 1520 Propter
431 1425 520 1520 apud
530 1428 649 1522 Epicos
663 1451 794 1521 semper
805 1427 917 1520 priore
926 1425 1026 1522 longa
1039 1441 1105 1510 cst3
1116 1425 1239 1496 Noster
1248 1425 1350 1496 semel

275 1534 426 1627 corripit,
450 1532 537 1601 And.
568 1537 667 1620 440,
685 1547 803 1602 contra
828 1531 905 1602 ibid.
929 1537 1025 1628 449,
1042 1535 1162 1602 iterum
1184 1531 1350 1628 producit.

275 1637 401 1708 Eadem
414 1636 616 1732 reliquorum
631 1641 717 1708 ratio
729 1655 795 1726 est,
807 1640 927 1734 quibus
942 1641 1039 1709 venia
1052 1639 1202 1734 quidem,
1213 1663 1351 1734 praeser·

274 1745 333 1814 tim
351 1743 467 1832 hodie,
484 1745 595 1840 lingua
612 1745 809 1840 jamdudum
824 1760 994 1832 emortua,
1017 1746 1113 1816 facile
1131 1745 1349 1816 conceditur:

275 1852 337 1920 nisi
360 1850 492 1946 culpam
511 1856 594 1947 'quis
622 1851 832 1921 defendendo
862 1851 978 1922 fecerit
1001 1852 1174 1944 majorem.
1196 1852 1257 1919 His
1288 1875 1350 1944 ego

274 1956 362 2026 addo
376 1958 555 2045 Rufinum,
569 1959 611 2028 de
627 1961 740 2028 metris
753 1961 899 2028 Terentii
914 1984 954 2029 ac
968 1958 1075 2028 Plauti
1086 1972 1350 2050 caeterorumque

275 2066 479 2134 comicorum
499 2065 663 2136 dicentem
681 2067 749 2135 sic:
766 2067 939 2154 Quantum
959 2080 1070 2133 autem
1086 2062 1129 2132 ad
1144 2087 1278 2132 versum
1292 2089 1349 2132 co·

274 2172 398 2240 micum
414 2175 673 2267 spectat....scio
688 2171 849 2267 plurimos
865 2171 1054 2257 affirmare,
1065 2170 1281 2272 Terentianus
1295 2168 1349 2237 vel

274 2279 416 2348 maxime
435 2277 564 2348 fabulas
579 2293 722 2348 metrum
740 2278 783 2347 ad
796 2276 1003 2373 disciplinam
1021 2299 1206 2371 graecarum
1224 2301 1349 2346 comoe-

275 2384 405 2454 diarum
427 2411 494 2454 non
515 2385 715 2470 custodisse,
731 2385 766 2454 id
782 2399 851 2472 est,
869 2408 950 2478 quas
970 2382 1166 2470 Menander,
1179 2380 1349 2470 Philemo,

275 2489 432 2586 Diphilus
451 2506 484 2560 et
505 2490 819 2560 caeteri-ediderunt.

328 2631 366 2720 S.
384 2633 441 2704 16.
455 2636 564 2703 Etiam
579 2635 779 2718 videbimus,
792 2633 873 2728 quid
886 2633 928 2701 de
943 2637 1044 2705 Cran'
1051 2631 1272 2720 censendum,
1285 2655 1351 2726 qua

276 2744 349 2812 duae
368 2739 517 2827 vocales,
531 2766 672 2836 quarum
689 2765 757 2808 una
767 2739 897 2827 brevis,
914 2741 948 2807 in
965 2762 1065 2808 unam
1080 2739 1346 2809 contrahuntur:

264 2855 315 2918 'ut
333 2849 409 2937 diu,
431 2848 547 2934 deum,
565 2847 723 2933 deorum,
746 2871 875 2932 rreum,
894 2871 1060 2931 meorum,
1083 2862 1146 2938 etc.
1170 2848 1250 2914 Haec
1266 2859 1303 2913 et
1323 2847 1349 2914 si

276 2980 343 3051 qua
360 2954 424 3024 alia
440 2953 650 3047 hujusmodi,
671 2956 763 3048 jure,
791 2954 921 3048 quoties
943 2951 1083 3037 vellent,
1104 2951 1348 3021 contrahebant

277 3063 427 3144 Comici,
451 3061 542 3156 quod
561 3061 648 3130 idem
670 3061 781 3154 Epicis
796 3061 850 3152 jus
875 3073 954 3127 erat.
975 3061 1100 3128 Durius
1121 3057 1255 3152 quidem
1276 3061 1348 3124 No-

277 3168 433 3240 stratibus
451 3182 571 3236 sonant
589 3167 705 3259 lupia,
730 3167 841 3258 cujus,
863 3165 954 3257 eJics,
978 3189 1084 3248 novo,
1110 3165 1176 3234 levi
1191 3163 1224 3229 in
1246 3186 1348 3230 unam

276 3276 436 3372 syllabam
456 3287 637 3370 contracta.

332 3415 367 3504 S.
389 3417 513 3512 17.Vix
528 3415 614 3483 inter
630 3412 778 3483 licentias
790 3438 955 3496 numeres,
969 3437 1071 3507 quum
1087 3411 1215 3480 Comici
1233 3408 1348 3478 finales

279 3530 312 3595 in
334 3523 458 3618 syllaba
485 3522 601 3608 brevi,
627 3533 784 3615 sequente
810 3535 922 3588 tamen
949 3531 1173 3600 consonante,
1190 3539 1349 3584 nonnun-

278 3655 377 3728 quam
391 3630 566 3722 abjiciunt,
580 3641 618 3695 ut
638 3627 968 3726 tristi',fpmel1cu';
984 3624 1146 3719 siquidem
1167 3622 1255 3690 idem
1272 3621 1350 3690 facit

278 3739 400 3834 passim
415 3736 598 3804 Lucretius.
616 3731 770 3802 Similiter
779 3730 929 3802 Catullus
944 3734 977 3800 in
994 3734 1088 3826 epico
1105 3755 1206 3800 carm.
1221 3729 1347 3796 CXVI.

276 3847 418 3916 litteram
436 3867 453 3910 s
471 3868 511 3910 ex
527 3840 630 3909 verbo
643 3839 744 3908 dabis
763 3840 941 3908 absorbere
955 3838 1050 3933 jubet
1065 3837 1348 3932 pronuntiantem.

276 3952 458 4045 Saepissime
472 3948 513 4016 ab
527 3964 579 4016 est
589 3946 711 4015 vocalis
723 3962 905 4031 resecatur,
917 3959 954 4016 ut
967 3945 1174 4026 consrmilist,
1188 3943 1352 4036 palamst

277 4085 339 4155 pro
354 4057 521 4128 consimili
536 4071 602 4138 est,
614 4055 737 4146 palam
754 4069 813 4120 est.
