3052 4864
450 392 514 458 DE
542 388 786 458 TERENTIO.
1055 419 1153 466 cnvu

83 531 193 601 :torini
219 533 256 600 in
278 527 426 622 dialogos
449 526 535 619 ejus,
555 538 589 592 et
607 524 640 591 in
658 525 803 591 Terentii
824 524 1014 595 Comoedias
1033 554 1155 623 praece-

83 639 179 707 ›toris
193 638 264 706 mei
279 635 421 720 Donati,
435 656 527 727 aeque
541 632 575 698 in
591 628 786 724 Virgilium,
800 645 836 709 et
847 625 987 702 alio'rum
1002 635 1036 702 in
1049 636 1149 706 alios:
1183 661 1190 682 ⁵

83 743 248 831 Plautum,
268 741 482 826 Lucretium,
497 738 668 820 Flaccum,
683 738 831 806 Persium
851 752 950 833 atque
963 743 1151 812 Lucanum.

82 853 184 944 lrgue
203 848 495 944 interpretationes
509 869 643 931 eorum,
663 867 766 938 quare
789 869 857 913 non
875 871 976 930 unam
993 851 1149 945 explana·

82 958 198 1026 tionem
220 957 327 1026 secuti
346 956 427 1042 sint,
444 968 478 1021 et
499 953 534 1020 in
556 951 670 1021 endem
690 975 726 1018 re
746 951 837 1046 quod
852 953 905 1022 vel
920 955 997 1040 sibi,
1012 957 1066 1027 vel
1079 957 1151 1028 aliis

82 1061 227 1132 videatur
247 1075 453 1132 enumerent.

313 1257 528 1364 'Hieronym
548 1275 584 1340 in
603 1271 738 1340 Eceks.
759 1295 838 1368 cap.
866 1296 896 1340 1.
974 1279 977 1288 '
1046 1247 1049 1254 Ι

129 1486 288 1554 Comicus
314 1486 380 1553 ait:
394 1483 488 1554 Nihil
511 1497 561 1553 est
585 1483 733 1570 dietum,
757 1483 848 1578 quod
870 1509 938 1554 non
961 1486 1003 1555 sit
1023 1487 1148 1557 dietum

81 1593 181 1682 prius:
195 1591 286 1660 unde
301 1606 335 1661 et
349 1606 534 1687 praeceptor
546 1615 640 1661 meus
655 1593 826 1678 Donatus,
840 1616 943 1686 quum
958 1594 1067 1688 ipsum
1077 1619 1150 1664 ver-

82 1695 214 1766 siculum
235 1711 435 1794 exponeret:
458 1699 615 1786 Pereunt,
637 1699 761 1793 inquit,
783 1699 840 1794 qui
859 1713 936 1769 ante
955 1725 1016 1770 nos
1035 1717 1147 1772 nostra

82 1801 228 1873 dixerunt
239 1801 247 1873 !

493 1929 734 1952 ...ὠ-

391 2120 461 2187 DE
495 2119 827 2188 EUGRAPHIO.

89 2325 259 2398 Gerbertur
274 2330 453 2425 quondam
464 2331 691 2401 scholasticus
703 2330 757 2400 ud
766 2295 969 2418 Aomdum,
979 2333 1047 2426 Ep.
1061 2334 1100 2399 V
1095 2335 1144 2400 ΙΙ.

133 2538 343 2610 Petitionibus
362 2544 425 2611 tuis
443 2543 635 2615 annuimus:
647 2556 759 2610 nostra
777 2556 814 2609 ut
833 2542 1022 2635 exsequaris
1043 2566 1145 2636 nego-

89 2639 140 2723 tia,
160 2645 246 2717 velut
266 2650 404 2745 propria
428 2673 611 2718 monemus.
634 2648 759 2718 Plinius
781 2649 994 2733 emendetur,
1014 2649 1143 2742 Eugra·

90 2745 175 2836 phius
192 2757 381 2853 recipiatur.

90 2957 256 3040 Gerbertus
274 2971 331 3040 hic
352 2987 465 3067 postea
482 2977 650 3044 Maximus
668 2970 820 3044 Pontifex
838 2969 961 3050 sactus,
979 2966 1146 3064 Sylvester

136 3069 235 3144 dictus
252 3076 335 3166 luit,
355 3081 501 3176 vixitque
521 3084 583 3152 sub
602 3082 737 3150 Othone
754 3080 927 3172 111,1mp.
946 3077 1031 3146 circa
1048 3077 1086 3143 A.
1103 3077 1143 3144 C.

136 3179 215 3271 998.
223 3184 299 3255 vid.
310 3187 467 3257 Fascicul.
478 3191 634 3284 Tempor.
649 3187 955 3282 OnuphriusPenv.
970 3185 1005 3252 in
1016 3182 1142 3252 Chron.

136 3283 250 3360 Eccles.
271 3309 307 3365 et
327 3292 390 3362 alii.
1223 3323 1224 3328 ,

346 3581 878 3614 w
957 3582 958 3588 ¹
