2926 4858
297 395 380 442 cmv
459 369 673 440 DANIELlS
700 367 871 438 HEINSlI
897 369 1198 438 DISSERTA'HO.
1318 319 1323 336 Ι

296 503 468 573 Afranium
495 503 650 596 subpari
674 515 768 570 etate
790 500 1014 569 floruerunt.»
1039 501 1146 570 Graeci
1170 500 1300 595 χάριτας
1321 516 1352 570 et

295 608 521 703 χαριεντισμοὶις
532 622 663 677 vocant.
672 607 886 676 Remissiores
897 620 974 676 sunt
983 607 1192 700 enim,quam
1204 621 1242 674 ut
1250 608 1352 676 risum
1415 691 1418 702 ¹

295 714 456 784 violenter
479 728 634 784 moveant
655 730 663 776 τ
687 714 1006 807 circumspectiores,
1025 737 1125 806 quam
1143 726 1181 781 ut
1199 711 1351 808 frigeant

293 821 482 890 absurdum
514 821 601 889 enim
626 843 711 912 saepe
737 843 836 887 causa
862 831 911 888 est
935 819 1040 904 risus,
1064 833 1122 886 aut
1149 820 1352 888 inusitatum.

294 929 421 998 Contra
447 942 558 995 autem
588 949 713 1022 sermo,
733 926 790 1018 qui
814 938 849 993 et
873 925 1010 994 usitatus
1033 938 1067 993 et
1093 938 1259 1012 moratus,
1279 927 1353 1017 qui·

293 1057 357 1127 que
378 1031 496 1102 leniter
516 1031 672 1099 decorum
694 1043 819 1117 servat,
838 1031 921 1100 sicut
941 1055 981 1098 eo
999 1031 1071 1124 ipso
1090 1029 1128 1099 ht
1142 1045 1300 1099 venustus
1318 1046 1354 1100 et

293 1137 451 1224 delectam
471 1140 516 1206 ita
537 1135 670 1230 quidam
684 1137 825 1206 eminere
836 1136 905 1229 joci
919 1150 1065 1231 possunt.
1082 1138 1150 1225 Qui
1168 1135 1300 1229 quidem
1318 1139 1353 1205 in

293 1244 359 1313 hoc
383 1245 479 1330 Afro,
500 1231 574 1334 (nisi
600 1241 701 1312 Laelio
724 1267 781 1312 eos
801 1244 910 1337 potius
937 1267 976 1312 ac
999 1243 1145 1336 Scipioni
1162 1240 1355 1312 tribuendos
1427 1300 1429 1304 .

293 1343 412 1443 putes)
435 1363 468 1417 et
487 1349 693 1435 Menandro,
715 1349 741 1417 si
760 1349 919 1442 judicium
936 1350 1065 1416 Horatii
1087 1363 1120 1418 et
1140 1349 1354 1441 antiquorum

293 1456 474 1549 sequimur,
504 1478 543 1522 ex
573 1454 689 1523 eodem
717 1452 798 1543 sale,
827 1477 845 1523 e
872 1475 939 1548 quo
969 1469 1047 1523 nata
1066 1457 1181 1524 Venus
1206 1467 1271 1538 est,
1297 1453 1354 1522 de-

292 1562 438 1655 prompti
457 1559 623 1630 videntur.
645 1563 732 1630 Ecce
747 1562 857 1630 statim
872 1560 1018 1646 Andria,
1034 1563 1107 1630 Act.
1126 1583 1161 1647 v,
1182 1561 1234 1629 Se.
1253 1567 1301 1642 A:

491 1777 494 1782 ,
530 1747 613 1801 Davo
629 1741 702 1800 istuc
714 1742 818 1801 dedam
826 1741 885 1820 jam
900 1740 1005 1822 negoti.
1022 1745 1052 1802 S.
1068 1746 1134 1800 Non
1149 1753 1253 1820 potest.

376 1841 407 1896 P.
424 1838 505 1912 Qui?
520 1843 549 1898 S.
563 1839 639 1912 Quia
652 1838 741 1898 habet
754 1838 833 1898 aliud
847 1841 937 1916 magis
951 1857 987 1898 ex
998 1859 1072 1911 susc,
1086 1850 1114 1897 et
1126 1836 1226 1915 majus.

456 1933 620 2008 Quidnam?
632 1937 661 1997 S·
676 1935 798 1994 Vinctus
811 1948 862 1994 est.

373 2033 405 2088 Ρ.
418 2033 519 2105 Pater,
533 2050 593 2088 non
604 2043 682 2089 recte
696 2031 809 2090 vincnis
820 2043 872 2090 est.
883 2033 914 2091 S.
930 2030 1015 2089 Haud
1028 2031 1069 2088 ita
1078 2029 1158 2108 jussi.

295 2213 367 2279 Jam
383 2207 594 2276 Gnathonem
609 2207 706 2276 vide:
723 2207 780 2302 qui
793 2231 895 2300 quum
909 2205 1041 2301 putidos
1055 2205 1235 2274 Thrasonis
1248 2230 1359 2276 mores

293 2313 450 2384 Phoedriae
474 2337 513 2382 ae
533 2313 677 2384 Chaereae
697 2314 914 2408 exposuisset,
938 2327 1055 2382 contra
1075 2326 1185 2381 autem
1210 2309 1257 2380 illi
1278 2337 1356 2407 pcr-

297 2411 462 2506 suasisset',
472 2433 505 2488 et
516 2418 582 2512 jam
595 2419 714 2512 gratias
726 2421 856 2514 ineptus
866 2419 969 2490 homo
983 2442 1021 2489 ac
1034 2417 1191 2490 ridiculus
1199 2418 1358 2488 haberet:

535 2601 612 2657 Bene
626 2599 735 2656 fecisti:
749 2600 868 2678 gratiam
885 2598 978 2659 habeo
996 2601 1156 2659 maximam.

377 2696 533 2770 Nunquam
550 2694 635 2753 ctiam
654 2695 695 2754 lui
714 2715 850 2774 usquam,
870 2697 941 2774 quin
960 2715 1006 2755 me
1025 2711 1124 2756 omnes
1144 2709 1273 2754 amarent
1290 2695 1361 2775 plu-

455 2809 569 2850 ramum.

299 2967 475 3061 respondet
495 2967 538 3037 ad
558 2983 735 3065 utrumque
753 2995 931 3042 conversus
951 2988 961 3038 ε

379 3147 475 3206 Dixin’
489 3167 543 3224 ego
555 3149 585 3206 in
598 3148 655 3206 hoc
672 3151 763 3208 inesse
778 3149 861 3208 vobis
871 3151 994 3210 Atticam
1010 3153 1202 3232 elegantiam?

298 3323 397 3391 Certe
419 3336 488 3391 tota
507 3325 612 3392 Scena
633 3327 729 3392 tcrtia
752 3327 839 3394 tertii
859 3329 961 3396 Actus
980 3329 1014 3396 in
1034 3328 1211 3424 Adelphis,
1233 3333 1268 3400 in
1291 3355 1361 3426 qua

233 3522 238 3538 ,
298 3427 423 3498 luditur
436 3453 456 3496 a
470 3431 552 3523 Syro
565 3431 711 3518 Demea,
732 3431 844 3500 divina
861 3448 920 3503 est.
937 3433 1057 3522 Qualia
1073 3437 1160 3505 enim
1176 3434 1252 3504 illa?

553 3609 627 3666 Mihi
642 3611 759 3688 quidem
772 3633 830 3671 non
844 3615 973 3693 placent,

377 3707 413 3762 Et
429 3705 519 3762 clamo
531 3723 607 3784 saepe
616 3728 621 3760 :
630 3707 799 3768 salsamenta
815 3710 893 3782 haec,
907 3713 1081 3792 stephanio,

376 3799 431 3855 Fac
444 3815 624 3860 macerentur
635 3803 767 3880 pulchre.

205 3991 208 4008 ¹
287 3977 395 4047 ‘Plane
410 3979 495 4046 enim
514 3995 633 4074 prater
651 3987 925 4078 exspectationem
946 3991 1066 4059 omnia.
1081 3995 1154 4061 lam
1170 4017 1272 4086 quum
1287 3993 1363 4066 Ve-
