3014 4872
334 407 396 475 DE
423 405 573 476 DlC'l'lS
599 408 643 475 D.
671 409 706 474 F.
734 405 1027 478 PETRARCHAE.
1116 434 1216 482 uvir

147 539 315 612 Maximus
336 551 488 626 testetur,
505 539 658 632 pretoria
672 537 795 608 &milia
811 553 923 627 ortus,
938 553 975 610 et
987 541 1074 610 inter
1089 565 1215 637 peucrn

147 645 303 718 senatorii
332 643 458 716 ordinis
485 643 685 740 splendidus.
708 646 777 735 Qui
796 645 896 718 etiam
920 659 997 742 post
1014 647 1049 716 id
1068 662 1216 744 tempus,
1338 717 1340 721 ,

146 769 227 824 tunc
241 751 386 838 scilicet,
401 775 505 847 quum
527 752 689 846 Scipionis
706 751 809 822 freter
828 767 1001 824 accusatus
1011 767 1062 826 est
1080 757 1215 844 Rome,

146 876 325 957 prmtsuem
342 859 454 954 gessit.
468 859 532 929 llic
549 883 630 953 ergo
645 859 884 955 triumphantis
897 883 1034 930 crurum
1050 861 1215 956 Scipionis

144 982 345 1062 prosecutus
355 981 422 1052 cst,
440 964 528 1061 pileo
543 966 644 1062 capiti
658 967 833 1061 imposito,
853 965 944 1061 qnod
965 965 1095 1038 donetoe
1111 965 1214 1040 liber·

144 1075 222 1146 tetis
244 1075 376 1169 signum
400 1087 480 1142 erat.
500 1073 655 1162 Quatuor
674 1071 776 1146 mittis
797 1072 957 1168 siquidem
984 1076 1214 1148 Romanorum

144 1181 288 1270 civium,
310 1181 368 1275 qui
384 1178 473 1252 bello
493 1181 619 1253 Punico
632 1180 721 1276 capti
741 1194 837 1252 erent
850 1193 884 1250 et
900 1181 935 1252 in
956 1181 1148 1252 servitutem
1166 1205 1217 1252 re·

144 1285 254 1374 ducti,
271 1287 380 1360 victor
406 1288 517 1382 Scipio
547 1285 703 1358 liberatos
723 1287 758 1356 iu
788 1287 930 1382 petriam
957 1286 1098 1356 reduxit
1120 1289 1217 1360 Inter

143 1417 228 1488 qrsos
248 1391 312 1464 fuit
326 1394 382 1464 bic
398 1394 590 1480 Terentius,
607 1393 650 1464 de
662 1417 729 1488 quo
741 1389 830 1480 dixi,
842 1407 876 1464 et
893 1406 961 1470 tem
975 1417 1105 1466 mernor
1119 1393 1216 1466 bane·

143 1497 211 1574 tirsi
230 1503 375 1596 recepti,
393 1515 528 1597 uroque
551 1499 760 1595 singulariter
779 1513 856 1572 aute
880 1524 996 1572 omncs
1022 1515 1156 1594 gratus,
1176 1516 1216 1572 ut

141 1629 205 1701 pcr
216 1631 352 1678 omnem
370 1607 474 1678 ritem
494 1605 704 1678 liberatorem
717 1631 815 1680 suum
832 1607 1024 1702 Scipionem
1040 1608 1132 1677 omni
1151 1607 1214 1678 ob·
1272 1613 1276 1626 '

141 1714 259 1808 sequio
270 1714 512 1808 ecpotrociniis
524 1713 635 1784 debite
648 1715 862 1784 veneratione
875 1713 1024 1785 coluerit.
1037 1714 1214 1809 Triumphi

141 1833 254 1890 autem
274 1820 329 1892 dio
348 1835 425 1916 post
442 1845 518 1891 eum
540 1819 680 1916 pileatus
699 1821 847 1907 incessit,
867 1820 933 1892 hoc
950 1835 1020 1906 est,
1034 1817 1144 1890 liberti
1158 1821 1217 1890 bn-

142 1923 232 2013 bitu;
259 1929 355 2021 quusi
376 1951 436 2022 per
454 1925 541 1998 illius
560 1929 624 1996 viri
645 1928 802 1998 virtutem
825 1952 860 1998 sc
882 1926 1026 1998 libertati
1047 1925 1214 1998 redditum

139 2032 267 2128 populo
290 2036 445 2105 Romano
473 2031 562 2127 pileo
589 2047 730 2104 metante
751 2033 959 2104 denuntians.
988 2035 1074 2122 Quae
1102 2035 1215 2104 omnin

141 2139 231 2233 apud
244 2141 358 2210 Titum
369 2141 523 2224 Livium,
539 2138 790 2211 celeberrimum
805 2139 1019 2224 historicum,
1032 2153 1114 2210 nota
1126 2153 1212 2210 sunt.

141 2245 208 2316 Sed
226 2249 337 2318 minos
356 2249 460 2318 miror
477 2245 693 2318 scholasticos
712 2245 778 2316 hoc
790 2269 904 2316 errore
916 2245 1093 2341 deceptos,
1110 2269 1215 2339 quum

138 2349 263 2423 Paulus
277 2353 417 2424 Orosius
430 2353 497 2424 boc
515 2354 705 2448 scripserit:
724 2350 766 2420 de
784 2375 851 2447 quo
869 2351 1050 2423 admodum
1063 2352 1214 2438 mirarer,

139 2457 203 2528 nisi
224 2459 315 2553 quod
332 2459 500 2530 interdum
526 2483 647 2555 magun
674 2457 807 2554 quidem
829 2459 961 2554 ingenie
979 2473 1013 2528 et
1040 2459 1076 2528 in
1096 2457 1213 2528 multis

140 2579 304 2662 oocupan
319 2580 354 2636 et
366 2567 452 2636 inter
469 2565 683 2638 difficiutetes
694 2579 809 2636 meets
827 2589 991 2660 equorum
1010 2566 1115 2635 instar
1135 2589 1214 2658 pno-

139 2683 215 2764 pter
227 2673 395 2744 meantem
405 2673 660 2744 securitatemin
675 2672 775 2769 pilam
794 2673 965 2768 cespitant.
980 2671 1141 2742 Identites
1153 2695 1214 2742 no-

138 2778 250 2867 minis,
270 2780 307 2850 ni
327 2778 435 2867 fallor,
455 2804 604 2851 errorem
620 2779 716 2866 ierit,
734 2777 825 2874 quod
846 2779 972 2850 scilicet
991 2791 1132 2873 uterque
1146 2780 1209 2850 Te·

137 2886 272 2956 rennes.
285 2885 352 2956 Sed
368 2888 630 2982 circumspectus
645 2888 749 2958 homo
757 2909 826 2956 non
838 2885 920 2980 vidit
929 2940 939 2974 ,
947 2885 1038 2980 quod
1052 2909 1087 2956 ae
1100 2882 1208 2956 oculis

136 2991 326 3086 ingerebat,
344 2995 379 3064 iu
403 2994 517 3089 primis
540 2992 765 3064 diversitatem
789 2994 1044 3088 cognominum,
1065 3016 1148 3088 quae.
1164 2991 1208 3062 ed

137 3095 372 3170 discretionem
396 3101 573 3172 nominum
600 3115 679 3170 sunt
706 3101 857 3184 invente,
885 3099 975 3194 quod
1006 3097 1132 3170 scilicet
1152 3096 1210 3169 illc

136 3205 312 3278 Terentius
330 3206 453 3294 Guleo,
468 3205 524 3276 bic
537 3208 711 3277 Terentius
727 3205 819 3293 Afer,
834 3219 871 3276 nt
883 3204 970 3278 tinali
981 3206 1083 3301 hujus
1099 3205 1211 3300 operis

138 3310 308 3402 inclinent3
325 3311 381 3382 ille
396 3315 584 3401 Romanus,
605 3315 666 3383 iste
686 3311 971 3409 Carthaginiensis
992 3328 1001 3378 τ
1024 3310 1078 3382 ille
1098 3335 1118 3380 e
1138 3335 1210 3381 ser·

135 3417 242 3488 vincte
258 3420 293 3489 iu
309 3417 513 3508 libertatem,
535 3422 597 3490 iste
612 3435 724 3490 autern
746 3434 864 3490 contre
881 3445 900 3489 e
922 3417 1073 3490 libertate
1091 3417 1127 3488 in
1140 3441 1207 3488 ser·

136 3525 278 3596 vitutem
298 3525 436 3614 ductus3
450 3525 505 3596 ille
518 3541 663 3612 senator,
676 3527 733 3597 hic
746 3541 864 3622 poem3
877 3524 932 3596 ille
941 3527 1011 3620 jean
1023 3525 1135 3596 senior
1148 3549 1209 3612 eo,

136 3627 191 3700 bic
206 3657 290 3727 puer
307 3659 349 3704 co
366 3649 538 3729 ternpore,
553 3658 623 3728 quo
641 3657 660 3702 n
675 3635 837 3704 Romanis
851 3631 992 3704 ducibus
1009 3645 1125 3726 captus
1138 3646 1206 3701 est:

136 3735 171 3805 in'
193 3763 259 3833 qna
279 3741 473 3836 captivitate
492 3741 536 3810 ob
559 3738 755 3837 degnnbem
781 3763 914 3810 morum
943 3737 987 3810 orl
1008 3763 1207 3833 magnonem

135 3846 228 3915 venit
244 3847 425 3936 amicities3
443 3861 545 3942 utque
564 3847 611 3917 ait
631 3847 793 3918 Eusebius
808 3845 895 3919 libro
908 3844 952 3916 tle
969 3844 1207 3941 Temporibus,

136 3950 180 4019 ob
198 3953 370 4049 ingenium
389 3965 424 4024 et
439 3953 580 4025 locutam
598 3953 750 4026 libertate
762 3954 905 4024 donetur
923 3967 983 4024 est.
991 3955 1085 4023 Inter
1099 3949 1206 4022 totili-

136 4061 309 4131 ventures
333 4059 447 4132 fallere
476 4085 543 4132 une
563 4087 632 4132 non
654 4061 820 4132 debuisoet
845 4059 1010 4130 identitas·
1042 4059 1104 4130 Hic
1125 4083 1203 4128 sane
