2996 4852
378 427 670 498 uunucuus.
699 430 805 498 scr.
833 429 877 514 ν,
904 428 972 497 sc.
1000 431 1043 496 x.
1146 426 1243 522 ⁴293

176 561 235 632 Me
267 558 365 654 hujus
396 557 555 654 quidquid
588 558 736 648 laciam‚'
760 560 795 629 id
828 558 937 630 lacere
971 561 1113 630 maxime
1147 585 1247 634 causa

335 689 430 734 mea:

176 774 305 842 Verum
319 773 345 842 si
358 771 447 841 idem
458 771 553 841 vobis
566 771 777 867 prodestvos
791 796 860 841 non
871 770 990 860 lacere,
999 773 1127 842 inscitia
1138 771 1246 856 'st-‚1070

177 880 296 950 Pursn.
321 878 413 966 Quid
436 877 470 946 id
494 876 563 948 est?
577 880 720 948 Grsrn.
742 876 883 947 Militem
906 902 969 972 ego
994 877 1130 949 rivalem
1158 882 1246 950 reci·

336 983 494 1079 piendum
514 1008 643 1054 censeo.
662 987 781 1056 ann.
800 979 903 1053 Hem!

178 1091 298 1162 Cana.
321 1089 584 1186 Recipiendum?
607 1092 750 1161 Grsrn.
775 1091 894 1185 Cogita
920 1090 1032 1160 modo.
1054 1093 1107 1160 Tu
1135 1090 1247 1161 hercle

337 1221 415 1266 cum
436 1195 511 1284 illa,
531 1195 701 1285 Phaedria,

178 1305 223 1373 Et
243 1301 384 1373 libenter
400 1303 503 1392 vivis3
521 1303 659 1374 etenim
677 1303 762 1372 bene
780 1301 919 1372 libenter
937 1303 1073 1372 victitas.

181 1540 222 1593 bas
233 1531 461 1592 eredere-Volo.
471 1539 606 1594 Exhibent
618 1541 692 1593 velim
736 1558 831 1612 supra,
841 1541 910 1592 inter
930 1537 996 1593 duas
1011 1557 1136 1610 personas
1155 1553 1249 1594 contre

182 1619 323 1691 Antesign.
336 1617 427 1674 etalii.
736 1639 809 1674 omn.
825 1618 905 1674 codd.
914 1617 1026 1674 divisam
1041 1637 1071 1672 ac
1081 1618 1249 1684 distinctam,

224 1703 309 1768 1069.
327 1697 437 1752 Feriam.
460 1698 504 1754 Sic
523 1699 603 1754 noth.
621 1700 691 1754 Perl.
737 1699 826 1771 recepi
841 1698 950 1770 quidem
966 1699 995 1751 in
1008 1711 1125 1764 textum;
1139 1697 1186 1752 sed
1201 1716 1249 1769 pa·

181 1777 235 1833 Sed
250 1778 327 1832 Facio
340 1779 437 1850 legitur
453 1779 481 1832 in
500 1781 588 1835 Actes.
608 1781 692 1834 Zeun.
736 1797 796 1831 rum
806 1779 924 1843 abest,ut
934 1777 1182 1846 ubingeuinsoviro
1193 1789 1249 1830 tarn

181 1859 262 1931 Valp.
282 1891 322 1902 -
337 1859 381 1912 Me
401 1859 471 1930 liujus
491 1859 621 1931 quidquid,
641 1871 692 1911 etc.
736 1859 802 1911 scite
815 1856 989 1930 persuadente
1000 1852 1034 1909 ad
1047 1857 1145 1926 vulgat.
1156 1858 1249 1910 lectio·

181 1941 245 1994 Post
264 1940 351 2012 liujus,
373 1940 469 2010 supple
486 1943 590 2008 negotii,
608 1951 635 1994 et
652 1937 694 1990 in·
736 1955 797 1990 nem
828 1935 959 1990 recedam.
975 1960 986 1982 ι
1022 1935 1085 1988 llrsc
1115 1937 1248 2000 Perletus,

182 2021 270 2090 tellige
285 2037 292 2070 t
310 2019 355 2071 Me
369 2018 455 2072 lacere
470 2035 548 2071 causa
558 2036 617 2071 mea
627 2015 694 2070 illud
738 2034 817 2087 quem
833 2016 909 2087 sequi
930 2034 985 2068 uon
1004 2013 1194 2068 dubitavimus.
1209 2045 1249 2056 -
1281 2057 1283 2065 .

183 2099 375 2170 quodcumque
381 2100 476 2165 seciam
487 2103 512 2149 in
521 2098 565 2148 lrcr
576 2096 692 2167 negotio,
737 2095 906 2166 Recipiendum
913 2134 920 2160 ,
928 2092 1022 2164 supple
1031 2113 1119 2150 unser.
1126 2125 1165 2136 -
1174 2093 1248 2162 Cogi·

185 2197 221 2231 sc.
237 2179 266 2230 in
282 2175 394 2230 consilio
412 2174 485 2246 quod
500 2177 577 2230 vobis
592 2195 694 2247 propo·
738 2187 771 2227 ta
788 2176 908 2228 «Tecum
922 2184 1031 2246 reputa,
1043 2185 1070 2226 te
1080 2170 1250 2228 cumeeids

184 2275 257 2311 nam.
274 2287 315 2299 —
330 2255 379 2308 His
394 2267 482 2309 sutem
497 2255 585 2308 verbis
601 2253 694 2308 callide
736 2255 850 2309 libenter
871 2254 975 2318 virere,
1000 2265 1073 2306 etc·
1098 2249 1248 2305 Phaedriam

184 2337 235 2390 sibi
245 2334 407 2390 audientiam
417 2333 492 2400 lacit,
502 2333 568 2388 dum
579 2334 695 2388 affirmat
737 2333 796 2402 hic,
810 2347 841 2386 ut
859 2334 975 2388 amicum
992 2329 1117 2396 Thaidis,
1131 2332 1249 2402 compel·
1301 2327 1302 2334 ’

184 2414 261 2470 sede
276 2415 330 2470 suis
344 2427 447 2469 tentum
462 2411 609 2468 commodis
620 2427 695 2468 actu·
737 2415 775 2466 lat
792 2413 937 2478 Parasitus,
957 2430 1013 2464 non
1035 2411 1187 2476 Charetem,
1201 2412 1249 2464 etsi

184 2514 250 2550 rum
271 2496 348 2557 lore,
366 2511 417 2548 nec
437 2493 493 2548 ullo
513 2492 596 2548 modo
615 2493 695 2547 militi
737 2493 880 2548 novissime
895 2493 1021 2546 locutum.
1033 2491 1175 2551 -Mado,
1189 2503 1249 2542 tan·

184 2575 341 2640 consulere,
357 2591 437 2646 quem
455 2573 505 2634 scit
517 2571 623 2628 duobus
641 2573 694 2628 fra·
739 2571 888 2628 tummodo.
921 2601 962 2614 —-·
993 2570 1055 2624 Cum
1091 2571 1143 2622 illa.
1177 2568 1246 2624 Cum

185 2658 270 2710 tribus
286 2652 420 2714 odiosum.
737 2652 850 2708 Thaide.

227 2727 310 2807 1670.
324 2733 354 2790 Si
366 2734 432 2787 idem*
441 2733 520 2786 cobis.
532 2733 624 2786 Plures
637 2733 695 2796 alii,
783 2739 863 2804 1073.
875 2732 913 2786 Et
924 2731 964 2784 ttb.
977 2735 1047 2784 vivis.
1061 2731 1136 2782 Bent.
1151 2746 1183 2781 ex
1192 2747 1247 2781 uno

187 2815 373 2878 idemsi'cobr'r,
387 2827 437 2868 etc.
451 2812 605 2866 lectionem
615 2831 696 2884 quam
739 2811 831 2868 codice
845 2825 885 2875 ut,
902 2829 952 2883 pro
967 2822 1000 2862 et.
1015 2839 1055 2853 -
1068 2810 1179 2862 Etenim
1193 2806 1247 2860 dis·

186 2895 330 2966 recipimus
349 2892 415 2948 dant
433 2911 541 2965 quoque
558 2893 603 2947 Br.
619 2893 696 2947 Bent.
737 2893 873 2965 junximus
881 2901 942 2962 post
951 2891 1083 2952 Faernum
1092 2901 1119 2942 et
1128 2888 1196 2942 Perl.
1207 2917 1247 2930 -

188 2975 271 3032 Zeun.
285 2973 345 3045 Bip·
358 2974 427 3027 Perl.
435 2973 556 3026 -ldem,
571 2974 630 3026 Hoc
642 2985 696 3037 est,
742 2973 774 3028 C.
785 2974 821 3026 tlt.
844 2984 868 3027 et
878 2972 979 3031 libenter
989 2971 1065 3032 viris,
1076 2970 1183 3031 etenim,
1196 2979 1246 3019 etc.

188 3053 252 3106 tuud
262 3053 327 3126 quod
334 3055 405 3121 facio
421 3056 522 3106 maxims
538 3071 611 3105 causa
627 3071 678 3104 mec
686 3091 694 3116 ‚
740 3051 817 3107 Prius
828 3051 999 3123 Etsign'tficut
1011 3049 1190 3119 lereprimum,
1200 3064 1250 3116 pos

189 3153 227 3186 vs.
245 3135 327 3203 1069.
740 3135 832 3186 sterius
839 3130 950 3186 serrcrdc.
958 3128 1121 3182 Affirmantis
1128 3139 1167 3180 est
1174 3127 1247 3182 emm,

234 3231 319 3283 1071.
337 3212 408 3282 Quid
419 3213 447 3264 td
457 3220 516 3266 est?
526 3212 624 3266 Delent
632 3214 659 3266 τὸ
672 3212 702 3264 td
740 3231 790 3284 pro
806 3233 864 3264 cero
877 3229 884 3264 ε
900 3209 1039 3269 «Primum
1050 3207 1163 3260 libenter
1176 3201 1249 3275 apud

190 3295 275 3346 Zeum
286 3294 330 3346 Br.
343 3290 405 3363 Bip.
416 3324 457 3335 -
466 3293 524 3346 Mtt.
534 3311 579 3361 ego
592 3293 698 3344 rivalem.
741 3290 871 3346 Thaidem
887 3289 1012 3352 versatim
1027 3285 1161 3350 secundo,
1177 3281 1249 3354 apud

188 3371 324 3445 ¹dntesign.
335 3371 654 3443 dvalamma-Rivalem
665 3391 701 3424 re·
743 3370 863 3424 eamdem
879 3368 994 3420 libenter
1010 3384 1116 3437 quoque
1131 3363 1208 3434 genio
1223 3375 1251 3414 et

190 3453 331 3521 optabas.
346 3450 550 3506 Admittendum
566 3469 637 3513 esse,
650 3470 701 3522 pro
743 3451 828 3522 epulis
847 3445 975 3519 indulges.
996 3445 1043 3498 llas
1062 3457 1124 3496 sunt
1147 3457 1248 3507 cause,

191 3532 284 3598 rivali,
307 3546 433 3604 tanquam
459 3532 492 3586 sit
517 3529 608 3584 rivalis
629 3528 702 3602 apud
744 3547 794 3584 cur
804 3527 945 3599 magnifico
956 3525 1065 3583 amatori
1075 3521 1109 3576 ad
1121 3541 1179 3574 cam
1190 3539 1252 3591 per·

191 3611 330 3666 Thaidem.
344 3643 383 3654 -
395 3611 547 3684 Explicabit
559 3623 646 3663 autem
660 3610 701 3662 in*
745 3609 831 3662 mittas
839 3605 950 3660 aditum.
961 3593 1034 3670 Quid
1043 3603 1160 3674 primum
1172 3600 1254 3654 Thais

192 3691 409 3761 lrasententiam,
419 3711 457 3746 vs.
471 3697 543 3762 1074
551 3708 633 3760 sq.--
639 3689 703 3741 Cen-
746 3688 816 3742 illius
826 3686 903 3740 donis
914 3697 1054 3748 contenta,
1065 3684 1118 3746 tui,
1131 3680 1254 3753 pauperis

193 3791 249 3836 sec,
265 3791 321 3825 nen
331 3784 404 3842 petc,·
417 3784 542 3842 tunquam
555 3769 607 3822 illis
622 3767 703 3822 modo
747 3787 782 3822 sc.
794 3767 894 3832 amasii,
904 3761 1038 3818 fastidium
1046 3781 1101 3814 non
1109 3761 1254 3831 concipiet;

194 3851 414 3922 consulatusque
422 3850 703 3921 promiliteagat.D0n.
748 3859 773 3900 et
798 3849 909 3917 insuper
929 3845 999 3897 laute
1018 3861 1079 3897 cum
1101 3861 1131 3894 ea
1153 3840 1257 3894 virtitu-

237 3949 321 4001 ¹07²·
336 3931 429 3984 Caua.
441 3924 632 4002 decipiendum?
644 3929 703 3983 Lib.
727 3931 728 3934 ’
749 3927 805 3992 bis,
819 3925 903 3979 milite
912 3937 1034 3996 sumptus
1046 3919 1255 3993 suppeditante.»

195 4010 317 4081 antiqui:
335 4011 427 4063 Pacu.
449 4011 512 4064 Hem
540 4010 705 4082 recipiendam.
751 4038 789 4052 -
802 4008 934 4069 Victitare,
956 4017 1009 4066 est,
1029 4002 1111 4069 vesci,
1135 4014 1162 4054 et
1185 3999 1258 4072 quasi

201 4115 213 4139 ·
226 4089 301 4146 llanc
329 4090 476 4146 orationem
501 4091 538 4146 sic
561 4091 654 4158 aBe.‚
678 4103 708 4144 ut
751 4089 873 4142 virseret.
