2890 4866
260 395 476 466 nunnus
501 397 674 469 nnnsu
700 357 998 474 urs‘snniuuo.
1084 429 1152 478 cn

82 541 144 594 tus
165 527 335 596 Comoedia
352 527 433 597 nihil
452 533 544 624 aequo
558 555 598 599 ac
615 524 773 626 rapollen
795 549 883 604 amet
889 561 986 630 ,quae
1007 537 1152 632 plerum·

78 655 155 726 quc
178 645 211 701 ct
231 633 350 703 acerba
371 649 440 716 est,
460 649 493 704 et
514 643 607 706 extra
627 640 766 710 &unum
788 643 959 734 quaeritur,
975 645 1151 718 urbanissi-

77 761 163 806 mus
185 741 333 808 virorum
358 742 535 826 rationem,
555 767 621 838 qua
642 769 682 813 ex
703 747 833 815 actione
854 748 942 840 ipsa,
960 749 1150 854 parodiam,

78 841 228 938 lepidam
247 869 327 914 sano
343 860 378 915 et
394 861 569 917 venustam
577 863 753 944 ,peteret,
774 854 907 921 invenit
925 855 1029 942 Nam,
1048 875 1149 948 quum

77 951 211 1022 Demea
228 950 380 1038 dixisset,

481 1098 528 1156 Fit
538 1098 656 1170 sedulo,

163 1191 243 1250 Nihil
254 1193 459 1270 praetermitto,
473 1193 656 1254 consuefacio
666 1219 673 1252 :
685 1196 838 1275 denique,¹

161 1287 327 1365 Inspicere,
341 1300 477 1365 tanquam
489 1289 519 1345 in
535 1291 685 1366 speculum
694 1335 703 1365 ‚
712 1293 743 1348 ln
754 1292 828 1352 vitas
842 1293 971 1353 omnium

158 1381 254 1442 Juheo
266 1407 273 1441 ι
286 1396 373 1461 atque
384 1405 421 1443 ex
431 1385 494 1443 aliis
508 1405 624 1445 sumere
634 1389 798 1466 exemplum
810 1389 873 1448 sibi.

159 1483 224 1538 Hoc
237 1479 332 1538 facito.

71 1673 109 1727 ct
128 1683 203 1754 quae
221 1673 404 1754 sequuntur
418 1685 425 1727 :
439 1661 618 1756 respondet
634 1665 735 1756 Syrus
750 1661 760 1730 ε’

156 1835 313 1895 Conservis
323 1834 360 1893 ad
373 1835 508 1894 eumdem
518 1835 613 1894 istunc
626 1837 765 1916 praecipio
776 1837 912 1897 modun:

159 1937 226 1993 Hoc
241 1933 346 1992 salsum
357 1933 407 2003 ἐι,
418 1932 475 1991 hoc
486 1931 622 1992 adantum
636 1937 688 2007 ’st,
702 1934 759 1994 hoc
772 1935 882 2014 lanuini
894 1939 929 1994 'st
940 1955 1054 2015 parum.

158 2029 235 2089 Illud
246 2043 324 2090 reete
335 2052 342 2086 :
352 2030 473 2104 itermn,
484 2031 527 2090 sic
542 2045 695 2092 memento.
716 2030 825 2092 Sedulo

153 2132 276 2201 Moneo,
290 2147 355 2205 qnae
368 2147 502 2205 possum,
518 2149 574 2208 pro
585 2148 650 2186 mea
661 2129 809 2207 sapientia.

153 2231 320 2298 Postremo,
332 2241 468 2305 tanquam
481 2226 511 2286 in
522 2227 682 2305 speculum,
695 2227 724 2285 in
740 2229 864 2302 patinas,
874 2231 999 2301 Demea,

124 2351 127 2357 ·
154 2323 298 2398 Inspicere
308 2319 415 2400 jubeo:
428 2335 458 2380 et
471 2341 592 2394 moneo,
603 2320 675 2399 quid
687 2322 762 2381 lacto
773 2342 841 2382 usus
852 2323 898 2382 sit.

63 2525 124 2592 Ita
144 2523 223 2590 sane
248 2534 283 2590 et
300 2519 415 2607 Plato,
431 2535 465 2590 et
483 2521 692 2615 Xenophon,
715 2545 893 2616 omnesque
915 2523 1072 2594 Socratici
1084 2525 1136 2616 jo-

64 2642 202 2697 cantur.
224 2627 404 2721 Nunquam
425 2626 562 2722 frigide,
579 2649 749 2721 nunquam
770 2628 943 2715 obscoene,
966 2653 1136 2729 nunquam

62 2737 202 2828 inepte,
217 2756 385 2827 nunquam
399 2732 712 2827 putide.Videamus
722 2731 791 2824 jam
806 2732 957 2802 Plautina
972 2734 1133 2829 quasdam.

61 2845 117 2910 Ac
133 2837 331 2908 Plutarchus
346 2837 478 2933 quidem
498 2836 579 2908 illud
594 2852 751 2931 tanquam
771 2837 925 2932 frigidum
943 2865 984 2912 ex
998 2843 1132 2914 Aristo-

62 2945 189 3040 phanis
205 2944 554 3039 Thesmophoriazusis
568 2943 610 3013 de
626 2943 793 3038 Euripidis
806 2963 911 3013 matre
926 2945 1071 3016 adducit.

148 3147 228 3226 Ᾰγρια
239 3156 287 3226 γάρ
297 3155 383 3226 alpia,
398 3150 417 3206 h
430 3157 554 3225 γυναῖκες,
569 3150 618 3225 δρᾷ
632 3151 713 3218 κακὲ,
747 3175 749 3184 ·

149 3243 196 3306 Ᾰτ’
207 3254 231 3304 lu
245 3252 347 3323 ἀγρίοισι
359 3250 475 3319 λαχάνοις
487 3251 558 3310 αὐτὸς
575 3249 693 3320 τραφείς.,
796 3307 798 3312 ,

62 3440 133 3511 Cui
154 3435 255 3524 illud,
272 3437 422 3532 quamvis
440 3459 509 3505 non
528 3435 563 3502 in
584 3431 680 3504 simili
699 3433 837 3503 omnino
854 3457 990 3527 genere,
1008 3432 1127 3527 adjun-

63 3569 124 3642 gas
145 3543 246 3614 licet:

144 3729 219 3786 Nam
230 3723 442 3782 mulierolitori
454 3741 603 3802 nunquam
619 3720 815 3801 supplicat,si
828 3738 885 3798 qus
898 3731 941 3778 est
954 3720 1045 3779 mala:
1146 3780 1148 3784 ,
1188 3795 1190 3804 Ι

144 3822 231 3880 Domi
245 3819 333 3878 habet
343 3819 460 3878 hortum
475 3832 504 3876 et
515 3817 697 3880 condimenta
709 3818 746 3876 ad
758 3835 858 3876 omnes
868 3835 965 3876 mores
971 3818 1123 3877 maleficos.

63 4019 229 4088 Rhetorcs
256 4015 435 4106 θυμελικὸν,
460 4015 528 4082 sive
554 4012 728 4101 theatrale,
746 4025 912 4084 vocarent.
936 4010 1123 4084 Ridiculum
