2926 4858
287 403 401 457 crtvrn
448 324 663 453 DANOEUS
689 380 858 451 HEINSII
885 378 1191 448 DISSERTATIO.

221 543 222 546 ¹
287 539 348 584 nec
372 512 507 600 Lelius,
525 513 585 582 flos
607 510 801 595 nobilitatis,
821 509 873 580 ved
895 512 930 578 iu
955 535 1070 598 scena,
1095 510 1343 605 approbassent.

285 619 482 690 Plutarchus
504 634 611 706 certe,
633 633 725 688 extra
742 615 925 688 liberalium
940 616 1084 686 Theatra
1099 640 1138 684 ac
1151 616 1345 704 doctorum,

285 723 388 794 iibere
404 725 537 822 relegat.
558 723 702 794 Ridiculi
720 727 808 794 enim
830 748 870 792 ac
891 723 993 817 inepti
1017 737 1113 810 suut,
1135 725 1190 818 qui
1209 721 1346 816 plebeiis

284 844 412 918 tautum
437 832 535 902 scribi
561 830 765 905 Comoediam
792 830 998 912 existimant3
1019 853 1122 923 quum
1143 853 1211 897 non
1235 830 1346 898 minus

284 937 418 1008 eruditis
439 938 613 1010 scribatur.
637 937 738 1027 Quod
759 953 794 1005 et
817 936 952 1006 Flaccus
974 935 1083 1024 scivit3
1103 937 1160 1029 qui
1183 959 1253 1004 nun
1275 937 1346 1006 siue

285 1067 403 1132 causa:

360 1205 514 1274 Creditur,
527 1227 564 1264 ex
577 1207 672 1264 medio
686 1207 754 1283 quia
767 1225 812 1263 res
823 1206 956 1278 arcessit,
968 1201 1076 1262 babere

360 1300 482 1361 Sudoris
498 1301 662 1372 minimum
675 1301 724 1360 sed
738 1299 826 1358 babet
835 1299 985 1359 Comoedia
995 1313 1075 1358 tauto

360 1399 428 1456 Plus
443 1399 554 1470 oneris,
569 1412 678 1476 quanto
689 1397 780 1456 veniae
791 1398 896 1454 minus.

283 1556 413 1626 Deinde
434 1572 544 1627 autem
558 1558 665 1628 Plauti
682 1574 716 1628 et
729 1559 894 1628 Dossenni
903 1553 1165 1650 utiturexemplo
1175 1579 1275 1648 ,quos
1292 1580 1345 1624 se-

282 1686 380 1740 curus
396 1662 437 1735 de
442 1663 574 1758 judiciis
588 1665 762 1734 doctorum
774 1667 829 1736 cit.
848 1667 891 1732 Et
901 1662 973 1731 haec
984 1662 1027 1732 ad
1043 1661 1212 1746 divinum,
1230 1676 1268 1728 ut
1273 1661 1345 1754 jam

263 1767 366 1849 dixi,
393 1793 432 1839 ac
449 1769 624 1872 subactum
643 1773 677 1839 iu
697 1772 749 1840 his
767 1771 973 1864 Principem,
989 1768 1083 1864 cujus
1105 1792 1166 1837 nec
1182 1767 1347 1861 judicium

281 1897 344 1942 uec
357 1865 561 1946 'ceterorum
578 1879 731 1972 ignorare
758 1900 796 1946 ea
817 1889 1011 1969 tempestate
1028 1875 1146 1970 potuit.
1173 1875 1228 1961 Et,
1249 1873 1346 1966 cujus

193 1991 196 2002 '
278 1977 439 2072 judicium
458 1984 566 2055 vereu'
579 1983 762 2071 debuisset,
780 1983 840 2055 nisi
861 1981 948 2050 idem
972 1980 1111 2051 aliorum
1129 1977 1254 2048 fuisset.
1268 1983 1346 2048 Jam

280 2081 335 2170 illu
350 2088 541 2182 Epicharmi
554 2090 709 2176 imitatio,
720 2105 758 2158 ut
769 2089 990 2175 festivissima,
1001 2090 1065 2171 ita,
1081 2088 1107 2160 si
1121 2087 1163 2156 sit
1176 2085 1346 2180 frequens,

280 2188 403 2286 frigore
420 2219 488 2264 non
507 2209 605 2264 caret.
629 2197 713 2286 Quae
735 2195 788 2278 fit,
809 2217 911 2290 quum
926 2191 986 2290 'vel
1006 2193 1087 2263 falsa
1109 2206 1346 2287 opponuntur,

279 2311 337 2364 eut
351 2297 536 2392 subjectum
552 2299 638 2370 idem
653 2315 703 2370 est
713 2324 789 2368 cum
803 2298 991 2394 predicato.
1004 2301 1053 2370 Ut
1065 2323 1169 2394 quum
1183 2299 1346 2392 Epichar-

244 2494 245 2500 η
279 2425 352 2472 mue
371 2403 470 2476 dixit:

396 2579 466 2630 ‘rtm
479 2577 523 2648 pbr
540 2581 563 2630 dr
577 2579 656 2640 τήνοίς
672 2581 720 2649 ἐγὼ
730 2575 758 2636 bv
766 2618 775 2645 ,
786 2581 849 2632 τόκα
863 2577 892 2632 di
906 2578 976 2651 nubit
987 2580 1076 2640 trivere.

397 2664 479 2722 Tunc
490 2664 567 2722 inter
577 2664 709 2744 iilos,eg0
718 2685 812 2736 cram,
825 2680 894 2726 tnnc
906 2666 984 2745 apud
997 2667 1073 2724 illos.

275 2824 330 2892 Bis
351 2824 438 2894 euim
457 2825 544 2896 idem
563 2826 659 2913 dicit;
681 2843 759 2922 quae'
776 2844 826 2898 est
843 2828 933 2898 fraus
955 2832 988 2896 in
1011 2827 1120 2896 verbis
1139 2842 1258 2921 praeter
1280 2853 1345 2898 ex-

275 2932 522 3023 spectationem.
538 2932 632 3003 Idem
644 2946 756 3003 autem
777 2948 826 3002 est
846 2959 922 3004 cum
941 2933 1120 3029 praedicato
1132 2932 1342 3027 subjeetum:

275 3047 312 3104 ut
329 3035 364 3102 in
382 3033 445 3106 illis
461 3037 594 3114 Curcui.
610 3043 683 3108 Act.
694 3063 727 3126 v,
744 3041 850 3110 Scene
866 3043 900 3125 Δ.

355 3201 434 3274 Quoi
443 3202 554 3260 bomini
568 3204 609 3262 dii
622 3219 690 3264 suut
700 3205 835 3284 propitii,
848 3206 876 3264 ei
889 3225 948 3262 non
963 3225 1024 3264 esse
1036 3206 1125 3263 iratus
1137 3217 1217 3282 puto.
1253 3179 1257 3188 ι

271 3361 384 3433 Sticho
397 3388 404 3428 :

350 3520 375 3575 E
388 3518 471 3577 maiis
484 3519 593 3593 multis,
618 3520 724 3578 maium
740 3519 819 3597 quod
835 3519 984 3579 minimum
998 3535 1054 3591 est,
1070 3518 1100 3578 id
1120 3519 1273 3578 minimum
1296 3533 1342 3578 est

430 3615 546 3674 inuium.

268 3761 419 3854 Captivis
437 3788 444 3828 τ

386 3917 449 3974 flos
461 3933 535 3990 quus
546 3915 650 3976 videtis
662 3929 738 3976 sture
752 3918 881 3995 cepticos
892 3917 983 3990 duos,

385 4009 424 4068 tti
437 4022 527 4084 stunt,
540 4031 597 4069 non
610 4012 718 4072 sedent.
