3000 4866
193 458 197 464 .
271 419 378 468 xxvm
460 347 462 354 ’
603 396 859 498 rnnaurrr
892 399 1043 484 v1rx.¹

273 531 446 601 Terentius
473 555 491 598 a
516 531 679 624 principio
708 530 891 623 juventutis
918 555 983 599 suae
1005 529 1110 599 fertur
1133 554 1153 598 a
1182 533 1337 601 Terentio

170 712 172 718 ¹
274 636 418 732 quodam
435 639 573 706 Lucano
593 630 744 732 emptus,
766 660 867 730 aquo
886 650 919 705 et
933 661 1053 705 nomen
1073 639 1181 730 ipsum
1200 629 1336 706 lortasse

275 744 385 838 potuit
405 745 577 837 accipere,
598 741 692 811 aliter
714 756 813 811 antea
834 741 941 812 dictus
968 742 1056 838 apud
1077 769 1162 812 suos.
1191 746 1243 812 De
1272 745 1336 814 hoc

278 863 389 918 umen
406 864 527 946 prater
548 850 772 941 conjecturam
791 848 900 917 habeo
918 849 1008 918 nihil.
1028 848 1068 916 Id
1082 849 1172 944 quod
1190 863 1336 936 constat,

277 955 402 1025 litteras
411 958 545 1025 Latinas
559 957 674 1023 Roma:
690 954 820 1038 didicit,
834 954 873 1024 ad
890 957 1051 1050 poeticam
1065 980 1203 1051 pronus,
1213 970 1245 1024 et
1259 980 1338 1051 praa·

275 1063 371 1157 cipue
393 1057 607 1149 comoediam3
626 1085 692 1155 quo
714 1062 748 1128 in
766 1085 886 1164 genere
906 1061 1015 1146 facile,
1036 1077 1075 1131 ut
1097 1062 1178 1131 mihi
1196 1061 1338 1148 videtur,

274 1193 392 1238 omnes
406 1182 481 1237 ante
502 1193 536 1237 se
555 1169 643 1236 vicit.
657 1166 745 1235 Nam
758 1183 930 1262 sequentes
945 1170 1042 1237 etiam
1058 1193 1078 1236 a
1093 1164 1267 1239 scribendo
1281 1163 1337 1236 de-

274 1275 413 1360 terruit,
431 1299 492 1343 neo
507 1274 590 1360 fere,
605 1298 704 1368 quem
717 1275 883 1361 noverim,
898 1275 1067 1344 comoedia
1080 1277 1221 1370 scriptor
1231 1272 1339 1344 clarus

275 1395 351 1476 post
364 1381 553 1449 Terentium
573 1380 643 1449 fuit.
658 1381 795 1475 Scripsit
807 1381 983 1450 comoedias
994 1382 1104 1451 forsan
1119 1380 1230 1475 plures
1241 1407 1250 1468 ;
1261 1379 1337 1464 sed,

276 1513 349 1582 quae
370 1485 536 1555 habentur
557 1487 591 1555 in
620 1488 793 1576 manibus,
814 1513 870 1557 sex
893 1502 987 1575 sunt,
1005 1513 1078 1582 quae
1100 1512 1161 1583 per
1189 1487 1344 1556 ordinem

275 1593 341 1663 hoc
362 1591 528 1662 volumine
547 1594 776 1663 continentur:
793 1595 944 1687 quamvis
961 1595 1030 1689 ipse
1046 1594 1130 1664 ordo
1144 1619 1212 1664 non
1226 1595 1260 1663 in
1275 1617 1340 1662 om·

275 1699 372 1768 nibus
383 1697 606 1769 voluminibus
619 1724 706 1768 unus
722 1701 772 1770 sit.
789 1701 979 1794 Utcumque
997 1725 1077 1770 vero
1091 1701 1157 1769 sint
1170 1698 1260 1784 aliae,
1273 1699 1341 1767 ubi·

275 1829 340 1901 que
361 1807 468 1900 prima
488 1806 635 1875 omnium
662 1820 714 1875 est
732 1804 874 1874 Andria:
891 1829 991 1901 quam
1006 1805 1220 1894 comoediam,
1240 1807 1341 1901 prius

277 1936 376 2005 quam
400 1910 547 1981 aedilibus
568 1911 744 2001 venderet,
766 1926 805 1980 ut
831 1912 992 1982 Eusebius
1017 1913 1104 1982 idem
1128 1912 1189 2000 ait,
1208 1909 1341 1981 Caecilio

277 2016 419 2088 multum
440 2042 475 2088 se
493 2019 625 2087 miranti
644 2015 734 2115 legit.
755 2020 807 2087 De
825 2019 964 2088 materia
985 2019 1234 2089 Comoediarum
1253 2017 1343 2111 loqui

277 2124 443 2219 prolixum
463 2138 529 2194 est:
545 2124 587 2194 de
608 2126 812 2219 expositione
827 2123 994 2220 prolixius.
1014 2125 1078 2194 Sed
1093 2127 1251 2220 cujusque
1267 2147 1341 2191 ma-

276 2233 392 2301 teriam
409 2233 443 2299 in
462 2245 659 2325 argumento
681 2231 750 2325 ejus
770 2231 976 2326 perbreviter
988 2233 1261 2326 comprehensam
1282 2228 1343 2298 lec·

277 2351 332 2405 tor
359 2337 528 2422 inveniet3
556 2337 795 2430 expositionem
821 2337 932 2406 studio
959 2353 993 2407 et
1020 2340 1152 2434 ingenio
1178 2335 1341 2405 molietur.

188 2475 190 2478 ¹
280 2444 395 2512 Genus
422 2442 582 2535 poematis
615 2466 748 2510 carmen
769 2442 969 2528 iambicum,
987 2444 1045 2512 sed
1067 2446 1203 2513 varium·
1236 2441 1345 2510 lambi

278 2549 366 2617 enim
379 2549 526 2616 materiae
535 2547 671 2617 comicae
685 2549 754 2642 apti
763 2562 850 2617 sunt.
866 2550 907 2617 In
923 2548 1103 2618 Comoediis
1116 2547 1250 2643 quidem
1265 2570 1342 2616 nus·

278 2677 377 2749 quam
402 2655 529 2723 Auctor
557 2653 714 2748 loquitur,
739 2653 796 2723 sed
821 2653 1018 2723 introducta:
1045 2678 1217 2749 personae:
1244 2677 1343 2746 quem

277 2785 404 2830 morem
418 2761 473 2830 hic
486 2759 528 2829 ad
542 2759 701 2855 Prologos
718 2759 898 2829 transferre
911 2761 1047 2848 nititur;
1061 2759 1182 2856 quibus
1197 2759 1342 2828 scriben-

281 2867 332 2937 dis
353 2866 548 2936 emulorum
562 2867 684 2936 invidia
699 2889 831 2935 causam
847 2865 947 2935 dedit.
962 2866 1243 2962 Respondendum
1257 2866 1343 2934 enim

280 2988 368 3061 erat,
386 2997 428 3042 ne
447 2973 533 3042 forte
546 2975 729 3068 procacitas
746 2972 884 3068 gloriam
904 2989 1096 3056 mereretur,
1109 2973 1345 3065 infamiamque

277 3080 444 3149 modestia.
467 3084 598 3148 Horum
615 3104 700 3149 vero
718 3078 857 3148 stimulis
872 3103 911 3149 ac
926 3082 1064 3150 vocibus
1080 3081 1222 3174 agitatus
1238 3078 1343 3147 fertur

279 3188 427 3256 Athenas
448 3189 593 3280 petiisse,
610 3200 655 3255 ut'
666 3181 858 3256 Graecorum
875 3187 1006 3280 penitus
1025 3188 1157 3280 ingenia
1171 3185 1351 3278 moresque

163 3372 166 3378 ,
280 3307 515 3387 pernosceret:
536 3307 586 3378 et,
597 3317 698 3387 quum
711 3347 721 3380 ,
735 3291 847 3362 multis
867 3295 901 3362 in
917 3295 1068 3363 Latinam
1079 3293 1226 3389 linguam
1241 3307 1347 3366 trans·

279 3397 370 3482 latis,
391 3414 467 3493 post
489 3398 621 3494 aliquod
638 3413 769 3493 tempus
789 3400 856 3468 voti
870 3424 1007 3494 compos
1022 3403 1163 3469 Romam
1186 3410 1348 3468 remearet

281 3530 356 3574 cum
375 3505 545 3576 sarcinulis
560 3520 593 3574 et
608 3505 807 3592 Comoediis,
822 3531 902 3600 quas
923 3507 967 3575 ibi
981 3508 1174 3600 scripserat,
1188 3507 1221 3573 in
1234 3503 1345 3572 navim

280 3612 457 3704 impositis,
488 3615 557 3706 ipse
583 3613 729 3680 terrestri
753 3612 869 3680 itinere
897 3615 1011 3682 Patras
1034 3614 1235 3708 perrexisse:
1255 3607 1343 3678 uude

278 3718 372 3786 brevi
394 3721 534 3788 transitu
553 3722 586 3789 in
602 3717 730 3788 ltaliam
749 3719 929 3812 navigaret.
951 3719 1018 3788 Ubi
1036 3707 1343 3813 exspectatae-'navis

277 3822 389 3893 audito
415 3825 607 3920 naufragio,
628 3850 701 3920 qua
722 3827 809 3894 circa
833 3826 947 3893 Sinum
969 3824 1137 3918 Illyricum
1163 3820 1347 3918 periclitata

272 3943 360 4016 erat,
380 3945 478 4000 tant'ae
493 3933 629 4026 jacturae
644 3931 757 4001 dolore
777 3947 946 4025 permotus
960 3929 1173 4025 Stimphalim
1189 3932 1222 3998 in
1237 3931 1336 3996 Arca·

270 4035 359 4106 diam
388 4039 592 4112 decessisse:
620 4039 728 4133 ibique
756 4038 932 4108 defunctus
961 4064 999 4108 ac
1033 4035 1180 4132 sepultus
1207 4031 1338 4130 publice
