3000 4866
280 379 388 428 xnvnr
463 295 813 424 DE'TRAGOEGIA
839 353 896 419 ET
923 353 1170 423 COMOEDIA.

281 492 357 560 dam
383 485 521 575 fabulae,
544 488 579 556 in
602 510 669 581 quo
696 484 767 554 solo
799 481 922 555 scilicet
949 499 1070 580 praeter
1094 501 1351 582 argumentum,

282 596 404 691 aliquid
430 594 472 664 ad
493 591 656 688 populum
674 591 726 660 vel
749 617 788 661 ex
814 606 929 686 poeta,
950 592 1004 660 vel
1025 617 1066 661 ex
1088 594 1190 688 ipsius
1214 594 1352 684 fabulae,

281 704 334 772 vel
341 704 462 774 actoris
478 699 656 770 commodo
671 698 827 793 loquitur.
844 696 1034 793 Prologium
1044 713 1156 767 autem
1172 715 1351 796 est,quum

281 824 411 879 tantum
435 808 477 877 de
500 819 698 902 argumento
717 803 846 875 dicitur.
872 806 1016 876 Protasis
1039 819 1089 875 est
1111 807 1237 900 primus
1256 823 1352 880 actus

283 917 477 1010 initiumque
498 913 672 1000 dramatis,
683 937 750 1005 quo
765 935 842 1006 pars
856 914 1044 1008 argumenti
1062 910 1260 1008 explicatur,
1272 940 1352 1010 pars

283 1024 439 1092 reticetur
452 1021 495 1090 ad
513 1018 629 1116 populi
641 1020 919 1113 exspectationem
939 1018 1125 1090 tenendam.
1143 1020 1285 1114 Epitasis
1300 1036 1352 1090 est

281 1130 523 1198 incrementum
553 1150 792 1222 processusque
821 1125 1011 1213 turbarum,
1033 1149 1072 1195 ac
1102 1126 1218 1212 totiuS,
1245 1142 1283 1196 ut
1303 1129 1352 1196 ita

282 1234 438 1318 dixerim,
458 1231 566 1303 nodus
584 1233 716 1302 erroris.
740 1230 961 1326 Catastrophe
983 1246 1034 1302 est
1051 1235 1223 1301 conversio
1237 1259 1351 1303 rerum

283 1340 325 1410 ad
339 1339 504 1435 jucundos
520 1339 641 1423 exitus,
650 1337 814 1434 patefacta
827 1340 956 1408 cunctis
967 1339 1155 1433 cognitione
1169 1353 1351 1434 gestorum.

281 1450 324 1516 ln
346 1444 511 1542 plerisque
533 1443 651 1514 fabulis
671 1444 817 1540 ipsarum
842 1445 977 1514 nomina
1000 1446 1111 1540 priora
1129 1445 1352 1540 ponebantur,

282 1567 569 1649 quampoetarum
582 1553 638 1621 :in
653 1550 821 1620 nonnullis
835 1565 1010 1646 poetarum
1019 1605 1029 1638 ,
1038 1575 1137 1644 quam
1151 1550 1351 1622 fabularum.

283 1658 387 1752 Cujus
410 1660 512 1728 moris
530 1656 753 1726 diversitatem
773 1659 950 1750 antiquitas
968 1657 1106 1752 probat:
1129 1681 1224 1745 nam,
1247 1683 1352 1753 quum

283 1767 428 1861 primum
450 1762 550 1859 aliqui
566 1760 694 1833 fabulas
711 1762 862 1850 ederent,
883 1765 1029 1856 ipsarum
1048 1765 1183 1832 nomina
1203 1789 1351 1858 pronun·

284 1872 451 1940 tiabantur
470 1885 564 1954 ante,
586 1893 684 1964 quam
705 1884 812 1963 poetae
839 1870 1152 1964 pronuntiarentur,
1176 1895 1219 1938 ne
1241 1871 1352 1967 aliqua

284 1977 444 2046 invidiae
466 1976 641 2046 scribendo
668 1975 828 2044 deterreri
851 1987 997 2069 possent.
1018 1977 1132 2065 Quum
1155 1991 1265 2046 autem
1291 2003 1353 2072 per

282 2083 459 2153 editionem
477 2080 658 2152 multarum
678 2096 785 2176 poetae
799 2081 869 2174 jam
884 2096 971 2151 esset
984 2084 1164 2152 auctoritas
1181 2086 1353 2178 acquisita,

283 2215 398 2260 rursus
424 2191 536 2285 priora
559 2203 734 2283 poetarum
757 2190 893 2258 nomina
919 2188 1198 2283 proferebantur,
1227 2204 1272 2283 ut,-
1292 2215 1353 2286 per

283 2300 432 2392 ipsorum
449 2295 613 2365 vocabula
630 2292 750 2363 fabulis
767 2296 906 2364 attentio
921 2298 1157 2388 acquireretur.

336 2407 436 2473 Aetas
451 2401 589 2470 diversis
608 2399 691 2469 ludis
708 2401 918 2470 manifestum
933 2416 984 2470 est
1001 2401 1143 2470 inscribi.
1156 2402 1243 2498 Nam
1257 2401 1354 2472 ludo·

284 2535 360 2578 rum
383 2523 527 2604 quatuor
554 2521 632 2576 sunt
655 2507 798 2601 species,
815 2532 899 2602 quos
921 2507 1052 2577 curules
1078 2506 1186 2577 aediles
1215 2534 1354 2580 munere

285 2613 420 2710 publico
429 2628 565 2683 curant:
577 2612 782 2708 Megalenses
793 2667 802 2702 ,
815 2615 943 2708 magnis
959 2612 1033 2683 Diis
1048 2615 1251 2699 consecrati,
1269 2642 1355 2709 quos

287 2723 396 2792 Graeci
414 2723 628 2814 Μεγαλησίους
645 2719 814 2814 appellant
828 2719 873 2787 ¹⁷:
894 2719 1072 2808 Funebres,
1084 2720 1126 2789 ad
1143 2722 1354 2792 retinendum

285 2825 446 2923 populum
466 2828 622 2908 instituti,
640 2826 719 2894 dum
736 2851 859 2922 pompa
875 2826 984 2896 funeri
998 2826 1129 2896 decreta
1144 2827 1354 2898 inhonorem

285 2935 415 3028 patricii
428 2933 489 3001 viri
504 2931 601 3028 plene
619 2933 810 3002 instruitur:
826 2933 967 3020 Plebeii,
980 2936 1037 3027 qui
1051 2959 1113 3028 pro
1132 2932 1236 3003 salute
1249 2934 1355 3030 plebis

285 3040 430 3109 eduntur
445 3066 452 3108 :
469 3037 694 3134 Apollinares,
713 3038 858 3133 Apollini
883 3042 1075 3110 consecrati.
1096 3043 1138 3108 In
1156 3065 1254 3110 scena
1280 3041 1355 3112 dure

224 3193 230 3206 ·
285 3172 351 3216 arae
373 3147 453 3242 poni
466 3146 642 3234 solebant,
660 3145 776 3214 dextra
798 3146 926 3232 Liberi,
952 3147 1082 3215 sinistra
1105 3147 1176 3240 ejus
1200 3150 1282 3236 Dei,
1300 3152 1355 3218 cni

284 3253 355 3323 ludi
373 3252 519 3324 fiebant:
539 3252 627 3320 unde
646 3253 821 3321 Terentius
835 3253 870 3320 in
888 3251 1013 3321 Andria
1028 3254 1090 3338 ait,
1113 3282 1130 3318 a
1149 3255 1200 3322 Ex
1215 3277 1273 3322 ara
1289 3255 1355 3326 hac

285 3387 381 3431 sume
396 3359 566 3429 verbenas.
582 3375 599 3410 ²>

338 3469 427 3536 Hinc
448 3453 601 3560 Ulyssem
626 3463 798 3559 palliatum
824 3489 955 3561 semper
981 3463 1158 3536 inducunt:
1175 3467 1244 3534 sive
1264 3467 1356 3563 quod

284 3571 462 3666 aliquando
487 3572 648 3642 insaniam
677 3571 871 3641 simulavit:
892 3597 959 3666 quo
984 3586 1139 3666 ternpore
1165 3587 1290 3642 tectum
1320 3599 1356 3643 se

328 3797 373 3850 17.
394 3781 565 3850 Μιγσλησίους
584 3779 714 3851 appellant.
732 3779 795 3832 Mes.
840 3775 889 3832 dos
901 3797 999 3832 nomen
1006 3777 1139 3832 invenisse
1150 3781 1200 3833 ἀπὸ
1214 3787 1262 3832 τῶν
1275 3784 1357 3853 μιγά-

284 3859 517 3932 Menoyoroyc.
525 3857 642 3913 Videtur
652 3857 795 3932 legendum
839 3863 886 3911 λων
897 3864 958 3911 xiiis
970 3857 1038 3912 :hoc
1049 3871 1097 3922 est,
1108 3859 1156 3911 Dis
1165 3859 1278 3928 Magnis.
1286 3862 1357 3916 Nam

284 3931 327 4006 (ut
335 3952 361 3991 et
369 3939 397 3992 in
403 3939 483 4010 Pyth.
493 3939 539 3990 lib.
551 3937 719 3992 emendatum
728 3927 796 4008 ‘ei-etl
840 3938 973 4004 Doribus,
984 3951 1013 3991 ut
1027 3951 1055 3992 et
1069 3939 1146 3991 Plato
1162 3951 1188 3991 et
1202 3941 1357 3997 Aristoteles

283 4021 414 4088 Μεγάλους
425 4018 505 4081 Σιοὺς.
515 4019 582 4072 Vult
589 4017 797 4088 Meguensestu·
840 4029 983 4085 testantur,
992 4019 1046 4080 Σιός
1058 4027 1097 4072 est
1110 4019 1239 4074 Deus.1d.
