<?xml version="1.0" encoding="UTF-8"?>
<!DOCTYPE html PUBLIC "-//W3C//DTD XHTML 1.0 Transitional//EN"
    "http://www.w3.org/TR/xhtml1/DTD/xhtml1-transitional.dtd">
<html xmlns="http://www.w3.org/1999/xhtml" xml:lang="en" lang="en">
 <head>
  <title>
</title>
<meta http-equiv="Content-Type" content="text/html;charset=utf-8" />
  <meta name='ocr-system' content='tesseract 3.04.00' />
  <meta name='ocr-capabilities' content='ocr_page ocr_carea ocr_par ocr_line ocrx_word'/>
</head>
<body>
  <div class='ocr_page' id='page_1' title='image "./publiiterentiia04lemagoog_0083.png"; bbox 0 0 3000 4866; ppageno 0'>
   <div class='ocr_carea' id='block_1_1' title="bbox 498 432 1212 506">
    <p class='ocr_par' dir='ltr' id='par_1_1' title="bbox 498 432 1212 506">
     <span class='ocr_line' id='line_1_1' title="bbox 498 432 1212 506; baseline 0.007 -4"><span class='ocrx_word' id='word_1_1' title='bbox 498 433 568 502; x_wconf 90' lang='lat' dir='ltr'>DE</span> <span class='ocrx_word' id='word_1_2' title='bbox 592 432 849 504; x_wconf 85' lang='lat' dir='ltr'><strong>THEATRO.</strong></span> <span class='ocrx_word' id='word_1_3' title='bbox 1099 456 1212 506; x_wconf 80' lang='lat' dir='ltr'>nxxru</span> 
     </span>
    </p>
   </div>
   <div class='ocr_carea' id='block_1_2' title="bbox 143 562 1248 4179">
    <p class='ocr_par' dir='ltr' id='par_1_2' title="bbox 147 562 1220 1916">
     <span class='ocr_line' id='line_1_2' title="bbox 147 562 1213 660; baseline 0.002 -26"><span class='ocrx_word' id='word_1_4' title='bbox 147 563 273 648; x_wconf 87' lang='lat' dir='ltr'>rbicba,</span> <span class='ocrx_word' id='word_1_5' title='bbox 293 587 314 632; x_wconf 85' lang='lat' dir='ltr'>a</span> <span class='ocrx_word' id='word_1_6' title='bbox 336 564 468 659; x_wconf 85' lang='lat' dir='ltr'>Pyrrho</span> <span class='ocrx_word' id='word_1_7' title='bbox 486 562 641 654; x_wconf 87' lang='lat' dir='ltr'>inventa,</span> <span class='ocrx_word' id='word_1_8' title='bbox 661 589 680 635; x_wconf 90' lang='lat' dir='ltr'>a</span> <span class='ocrx_word' id='word_1_9' title='bbox 702 589 768 659; x_wconf 90' lang='lat' dir='ltr'>qua</span> <span class='ocrx_word' id='word_1_10' title='bbox 791 563 1010 660; x_wconf 90' lang='lat' dir='ltr'>pyrrhicharii</span> <span class='ocrx_word' id='word_1_11' title='bbox 1031 580 1065 634; x_wconf 92' lang='lat' dir='ltr'>et</span> <span class='ocrx_word' id='word_1_12' title='bbox 1081 567 1213 660; x_wconf 86' lang='lat' dir='ltr'>pyrrhi-</span> 
     </span>
     <span class='ocr_line' id='line_1_3' title="bbox 149 669 1214 766; baseline 0.004 -26"><span class='ocrx_word' id='word_1_13' title='bbox 149 671 254 740; x_wconf 85' lang='lat' dir='ltr'>cbistae</span> <span class='ocrx_word' id='word_1_14' title='bbox 274 671 355 741; x_wconf 88' lang='lat' dir='ltr'>dicti</span> <span class='ocrx_word' id='word_1_15' title='bbox 375 698 383 738; x_wconf 90' lang='lat'>:</span> <span class='ocrx_word' id='word_1_16' title='bbox 405 696 478 766; x_wconf 81' lang='lat' dir='ltr'>quae</span> <span class='ocrx_word' id='word_1_17' title='bbox 496 671 613 741; x_wconf 88' lang='lat' dir='ltr'>eadem</span> <span class='ocrx_word' id='word_1_18' title='bbox 632 670 762 742; x_wconf 90' lang='lat' dir='ltr'>saltatio</span> <span class='ocrx_word' id='word_1_19' title='bbox 783 669 983 766; x_wconf 86' lang='lat' dir='ltr'>enoplia‚id</span> <span class='ocrx_word' id='word_1_20' title='bbox 1003 686 1068 759; x_wconf 88' lang='lat' dir='ltr'>est,</span> <span class='ocrx_word' id='word_1_21' title='bbox 1086 689 1214 744; x_wconf 84' lang='lat' dir='ltr'>armata</span> 
     </span>
     <span class='ocr_line' id='line_1_4' title="bbox 150 776 1215 872; baseline 0.004 -26"><span class='ocrx_word' id='word_1_22' title='bbox 150 776 314 848; x_wconf 75' lang='lat' dir='ltr'><strong>dicebatur</strong></span> <span class='ocrx_word' id='word_1_23' title='bbox 338 805 346 848; x_wconf 91' lang='lat'><strong>:</strong></span> <span class='ocrx_word' id='word_1_24' title='bbox 376 778 467 872; x_wconf 93' lang='lat' dir='ltr'>quod</span> <span class='ocrx_word' id='word_1_25' title='bbox 492 780 611 849; x_wconf 83' lang='lat' dir='ltr'>armati</span> <span class='ocrx_word' id='word_1_26' title='bbox 633 778 803 850; x_wconf 85' lang='lat' dir='ltr'>saltarent.</span> <span class='ocrx_word' id='word_1_27' title='bbox 828 781 911 850; x_wconf 81' lang='lat' dir='ltr'>Erat</span> <span class='ocrx_word' id='word_1_28' title='bbox 931 776 1059 848; x_wconf 82' lang='lat' dir='ltr'>saltatio</span> <span class='ocrx_word' id='word_1_29' title='bbox 1079 780 1215 850; x_wconf 85' lang='lat' dir='ltr'>Cordax</span> 
     </span>
     <span class='ocr_line' id='line_1_5' title="bbox 150 880 1215 984; baseline 0.003 -30"><span class='ocrx_word' id='word_1_30' title='bbox 150 882 316 970; x_wconf 85' lang='lat' dir='ltr'>obscoena,</span> <span class='ocrx_word' id='word_1_31' title='bbox 332 899 367 954; x_wconf 90' lang='lat' dir='ltr'>et</span> <span class='ocrx_word' id='word_1_32' title='bbox 381 880 508 956; x_wconf 88' lang='lat' dir='ltr'>comica</span> <span class='ocrx_word' id='word_1_33' title='bbox 519 911 527 954; x_wconf 77' lang='grc' dir='ltr'><strong>ι</strong></span> <span class='ocrx_word' id='word_1_34' title='bbox 537 899 571 954; x_wconf 92' lang='lat' dir='ltr'>et</span> <span class='ocrx_word' id='word_1_35' title='bbox 588 885 652 956; x_wconf 86' lang='lat' dir='ltr'>alia</span> <span class='ocrx_word' id='word_1_36' title='bbox 666 884 796 984; x_wconf 80' lang='lat' dir='ltr'>saltatio</span> <span class='ocrx_word' id='word_1_37' title='bbox 811 885 949 979; x_wconf 89' lang='lat' dir='ltr'>satyrica</span> <span class='ocrx_word' id='word_1_38' title='bbox 961 939 972 972; x_wconf 85' lang='lat'><strong>‚</strong></span> <span class='ocrx_word' id='word_1_39' title='bbox 984 910 1058 980; x_wconf 87' lang='lat' dir='ltr'>quse</span> <span class='ocrx_word' id='word_1_40' title='bbox 1073 887 1215 957; x_wconf 91' lang='lat' dir='ltr'>Sicinnis</span> 
     </span>
     <span class='ocr_line' id='line_1_6' title="bbox 151 989 1215 1087; baseline 0.004 -29"><span class='ocrx_word' id='word_1_41' title='bbox 151 989 323 1062; x_wconf 71' lang='lat' dir='ltr'><strong>dicebatur.</strong></span> <span class='ocrx_word' id='word_1_42' title='bbox 338 992 416 1064; x_wconf 88' lang='lat' dir='ltr'><strong>Fuit</strong></span> <span class='ocrx_word' id='word_1_43' title='bbox 437 994 516 1062; x_wconf 90' lang='lat' dir='ltr'>item</span> <span class='ocrx_word' id='word_1_44' title='bbox 537 992 690 1064; x_wconf 77' lang='lat' dir='ltr'>emmelis</span> <span class='ocrx_word' id='word_1_45' title='bbox 709 991 854 1081; x_wconf 85' lang='lat' dir='ltr'>saltatio,</span> <span class='ocrx_word' id='word_1_46' title='bbox 874 1005 992 1087; x_wconf 86' lang='lat' dir='ltr'>pacata</span> <span class='ocrx_word' id='word_1_47' title='bbox 1014 1006 1047 1062; x_wconf 90' lang='lat' dir='ltr'>et</span> <span class='ocrx_word' id='word_1_48' title='bbox 1064 992 1215 1063; x_wconf 87' lang='lat' dir='ltr'>honesta.</span> 
     </span>
     <span class='ocr_line' id='line_1_7' title="bbox 150 1096 1216 1194; baseline 0.004 -28"><span class='ocrx_word' id='word_1_49' title='bbox 150 1096 213 1185; x_wconf 85' lang='lat' dir='ltr'>Qui</span> <span class='ocrx_word' id='word_1_50' title='bbox 232 1123 313 1169; x_wconf 89' lang='lat' dir='ltr'>vero</span> <span class='ocrx_word' id='word_1_51' title='bbox 338 1097 443 1170; x_wconf 87' lang='lat' dir='ltr'>saltus</span> <span class='ocrx_word' id='word_1_52' title='bbox 472 1099 667 1194; x_wconf 84' lang='lat' dir='ltr'>pernicitate</span> <span class='ocrx_word' id='word_1_53' title='bbox 690 1098 938 1170; x_wconf 68' lang='lat' dir='ltr'>contendebant</span> <span class='ocrx_word' id='word_1_54' title='bbox 962 1099 998 1166; x_wconf 91' lang='lat' dir='ltr'>in</span> <span class='ocrx_word' id='word_1_55' title='bbox 1021 1101 1216 1193; x_wconf 83' lang='lat' dir='ltr'>gymnasiis,</span> 
     </span>
     <span class='ocr_line' id='line_1_8' title="bbox 150 1201 1216 1300; baseline 0.006 -30"><span class='ocrx_word' id='word_1_56' title='bbox 150 1201 291 1274; x_wconf 90' lang='lat' dir='ltr'>balticia</span> <span class='ocrx_word' id='word_1_57' title='bbox 315 1206 444 1278; x_wconf 75' lang='lat' dir='ltr'>Grecis</span> <span class='ocrx_word' id='word_1_58' title='bbox 465 1205 679 1291; x_wconf 80' lang='lat' dir='ltr'>dicebantur3</span> <span class='ocrx_word' id='word_1_59' title='bbox 697 1207 755 1300; x_wconf 91' lang='lat' dir='ltr'>qui</span> <span class='ocrx_word' id='word_1_60' title='bbox 777 1220 887 1276; x_wconf 89' lang='lat' dir='ltr'>autern</span> <span class='ocrx_word' id='word_1_61' title='bbox 909 1203 1076 1294; x_wconf 81' lang='lat' dir='ltr'>hatmate,</span> <span class='ocrx_word' id='word_1_62' title='bbox 1092 1205 1126 1274; x_wconf 92' lang='lat' dir='ltr'>id</span> <span class='ocrx_word' id='word_1_63' title='bbox 1150 1221 1216 1294; x_wconf 85' lang='lat' dir='ltr'>est,</span> 
     </span>
     <span class='ocr_line' id='line_1_9' title="bbox 150 1307 1219 1408; baseline 0.005 -31"><span class='ocrx_word' id='word_1_64' title='bbox 150 1307 228 1380; x_wconf 84' lang='lat' dir='ltr'>saltu</span> <span class='ocrx_word' id='word_1_65' title='bbox 247 1311 441 1400; x_wconf 85' lang='lat' dir='ltr'>certabant,</span> <span class='ocrx_word' id='word_1_66' title='bbox 458 1313 547 1407; x_wconf 89' lang='lat' dir='ltr'>apud</span> <span class='ocrx_word' id='word_1_67' title='bbox 565 1313 721 1408; x_wconf 86' lang='lat' dir='ltr'>antiquos</span> <span class='ocrx_word' id='word_1_68' title='bbox 744 1313 924 1386; x_wconf 80' lang='lat' dir='ltr'>utebantur</span> <span class='ocrx_word' id='word_1_69' title='bbox 941 1311 1123 1384; x_wconf 86' lang='lat' dir='ltr'>holteribus</span> <span class='ocrx_word' id='word_1_70' title='bbox 1141 1336 1149 1382; x_wconf 76' lang='lat' dir='ltr'>s</span> <span class='ocrx_word' id='word_1_71' title='bbox 1170 1315 1219 1382; x_wconf 92' lang='lat' dir='ltr'>sic</span> 
     </span>
     <span class='ocr_line' id='line_1_10' title="bbox 150 1417 1219 1514; baseline 0.004 -30"><span class='ocrx_word' id='word_1_72' title='bbox 150 1417 229 1486; x_wconf 83' lang='lat' dir='ltr'>euim</span> <span class='ocrx_word' id='word_1_73' title='bbox 252 1419 422 1490; x_wconf 86' lang='lat' dir='ltr'>vocabant</span> <span class='ocrx_word' id='word_1_74' title='bbox 441 1417 614 1513; x_wconf 88' lang='lat' dir='ltr'>plumbeas</span> <span class='ocrx_word' id='word_1_75' title='bbox 635 1417 734 1514; x_wconf 87' lang='lat' dir='ltr'>pilas,</span> <span class='ocrx_word' id='word_1_76' title='bbox 753 1418 972 1508; x_wconf 68' lang='lat' dir='ltr'>massulam,</span> <span class='ocrx_word' id='word_1_77' title='bbox 987 1419 1106 1514; x_wconf 93' lang='lat' dir='ltr'>quibus</span> <span class='ocrx_word' id='word_1_78' title='bbox 1126 1428 1219 1488; x_wconf 87' lang='lat' dir='ltr'>utra·</span> 
     </span>
     <span class='ocr_line' id='line_1_11' title="bbox 149 1523 1220 1616; baseline 0.002 -24"><span class='ocrx_word' id='word_1_79' title='bbox 149 1545 209 1616; x_wconf 87' lang='lat' dir='ltr'>que</span> <span class='ocrx_word' id='word_1_80' title='bbox 230 1549 337 1594; x_wconf 86' lang='lat' dir='ltr'>manu</span> <span class='ocrx_word' id='word_1_81' title='bbox 358 1550 394 1594; x_wconf 88' lang='lat' dir='ltr'>se</span> <span class='ocrx_word' id='word_1_82' title='bbox 416 1523 601 1614; x_wconf 73' lang='lat' dir='ltr'>librabant,</span> <span class='ocrx_word' id='word_1_83' title='bbox 620 1540 659 1595; x_wconf 92' lang='lat' dir='ltr'>ut</span> <span class='ocrx_word' id='word_1_84' title='bbox 673 1527 797 1596; x_wconf 89' lang='lat' dir='ltr'>certius</span> <span class='ocrx_word' id='word_1_85' title='bbox 814 1525 985 1596; x_wconf 83' lang='lat' dir='ltr'>assilirent.</span> <span class='ocrx_word' id='word_1_86' title='bbox 1003 1526 1220 1596; x_wconf 86' lang='lat' dir='ltr'>Chironomia</span> 
     </span>
     <span class='ocr_line' id='line_1_12' title="bbox 149 1628 1220 1730; baseline 0 -28"><span class='ocrx_word' id='word_1_87' title='bbox 149 1653 273 1724; x_wconf 89' lang='lat' dir='ltr'>quoque</span> <span class='ocrx_word' id='word_1_88' title='bbox 298 1646 372 1702; x_wconf 86' lang='lat' dir='ltr'>erat</span> <span class='ocrx_word' id='word_1_89' title='bbox 388 1629 518 1700; x_wconf 79' lang='lat' dir='ltr'>saltatio</span> <span class='ocrx_word' id='word_1_90' title='bbox 542 1628 784 1730; x_wconf 74' lang='lat' dir='ltr'>gesticulatur,</span> <span class='ocrx_word' id='word_1_91' title='bbox 798 1630 902 1727; x_wconf 89' lang='lat' dir='ltr'>qualis</span> <span class='ocrx_word' id='word_1_92' title='bbox 917 1645 987 1716; x_wconf 77' lang='lat' dir='ltr'>est,</span> <span class='ocrx_word' id='word_1_93' title='bbox 1005 1656 1110 1726; x_wconf 87' lang='lat' dir='ltr'>quarn</span> <span class='ocrx_word' id='word_1_94' title='bbox 1123 1635 1220 1704; x_wconf 89' lang='lat' dir='ltr'>Mau·</span> 
     </span>
     <span class='ocr_line' id='line_1_13' title="bbox 148 1735 1218 1834; baseline 0.007 -31"><span class='ocrx_word' id='word_1_95' title='bbox 148 1735 241 1806; x_wconf 90' lang='lat' dir='ltr'>ricam</span> <span class='ocrx_word' id='word_1_96' title='bbox 263 1761 455 1808; x_wconf 83' lang='lat' dir='ltr'>vocamus:</span> <span class='ocrx_word' id='word_1_97' title='bbox 473 1737 562 1807; x_wconf 91' lang='lat' dir='ltr'>unde</span> <span class='ocrx_word' id='word_1_98' title='bbox 584 1736 772 1809; x_wconf 83' lang='lat' dir='ltr'>clrironomi</span> <span class='ocrx_word' id='word_1_99' title='bbox 794 1737 987 1834; x_wconf 90' lang='lat' dir='ltr'>hujusmodi</span> <span class='ocrx_word' id='word_1_100' title='bbox 1008 1739 1218 1834; x_wconf 87' lang='lat' dir='ltr'>gesticulato-</span> 
     </span>
     <span class='ocr_line' id='line_1_14' title="bbox 148 1843 304 1916; baseline 0.006 -3"><span class='ocrx_word' id='word_1_101' title='bbox 148 1865 195 1912; x_wconf 83' lang='lat' dir='ltr'>res</span> <span class='ocrx_word' id='word_1_102' title='bbox 210 1843 304 1916; x_wconf 87' lang='lat' dir='ltr'>dicti.</span> 
     </span>
    </p>

    <p class='ocr_par' dir='ltr' id='par_1_3' title="bbox 143 1948 1248 4179">
     <span class='ocr_line' id='line_1_15' title="bbox 195 1948 1218 2044; baseline 0.004 -24"><span class='ocrx_word' id='word_1_103' title='bbox 195 1951 374 2022; x_wconf 81' lang='lat' dir='ltr'>Circenses</span> <span class='ocrx_word' id='word_1_104' title='bbox 395 1948 484 2020; x_wconf 89' lang='lat' dir='ltr'>Ludi</span> <span class='ocrx_word' id='word_1_105' title='bbox 501 1952 682 2022; x_wconf 85' lang='lat' dir='ltr'>certamina</span> <span class='ocrx_word' id='word_1_106' title='bbox 700 1965 795 2022; x_wconf 89' lang='lat' dir='ltr'>erant</span> <span class='ocrx_word' id='word_1_107' title='bbox 816 1952 963 2038; x_wconf 85' lang='lat' dir='ltr'>curulia,</span> <span class='ocrx_word' id='word_1_108' title='bbox 981 1976 1054 2044; x_wconf 84' lang='lat' dir='ltr'>quse</span> <span class='ocrx_word' id='word_1_109' title='bbox 1072 1953 1106 2022; x_wconf 90' lang='lat' dir='ltr'>in</span> <span class='ocrx_word' id='word_1_110' title='bbox 1128 1953 1218 2024; x_wconf 88' lang='lat' dir='ltr'>circo</span> 
     </span>
     <span class='ocr_line' id='line_1_16' title="bbox 147 2053 1218 2154; baseline 0.003 -29"><span class='ocrx_word' id='word_1_111' title='bbox 147 2053 265 2128; x_wconf 80' lang='lat' dir='ltr'>fiebant</span> <span class='ocrx_word' id='word_1_112' title='bbox 289 2074 301 2123; x_wconf 91' lang='lat'><strong>:</strong></span> <span class='ocrx_word' id='word_1_113' title='bbox 325 2058 383 2152; x_wconf 93' lang='lat' dir='ltr'>qui</span> <span class='ocrx_word' id='word_1_114' title='bbox 403 2055 496 2128; x_wconf 91' lang='lat' dir='ltr'>locus</span> <span class='ocrx_word' id='word_1_115' title='bbox 515 2071 590 2128; x_wconf 86' lang='lat' dir='ltr'>erat</span> <span class='ocrx_word' id='word_1_116' title='bbox 608 2071 707 2128; x_wconf 84' lang='lat' dir='ltr'>ovata</span> <span class='ocrx_word' id='word_1_117' title='bbox 728 2059 839 2154; x_wconf 91' lang='lat' dir='ltr'>specie</span> <span class='ocrx_word' id='word_1_118' title='bbox 861 2072 1091 2145; x_wconf 86' lang='lat' dir='ltr'>constructus,</span> <span class='ocrx_word' id='word_1_119' title='bbox 1110 2059 1218 2128; x_wconf 89' lang='lat' dir='ltr'>unde-</span> 
     </span>
     <span class='ocr_line' id='line_1_17' title="bbox 148 2162 1248 2259; baseline -0.004 -27"><span class='ocrx_word' id='word_1_120' title='bbox 148 2186 287 2259; x_wconf 78' lang='lat' dir='ltr'><strong>cumque</strong></span> <span class='ocrx_word' id='word_1_121' title='bbox 328 2162 524 2259; x_wconf 81' lang='lat' dir='ltr'>spectaculis</span> <span class='ocrx_word' id='word_1_122' title='bbox 558 2177 720 2251; x_wconf 87' lang='lat' dir='ltr'>ornatus;</span> <span class='ocrx_word' id='word_1_123' title='bbox 755 2190 774 2234; x_wconf 90' lang='lat' dir='ltr'>e</span> <span class='ocrx_word' id='word_1_124' title='bbox 799 2162 920 2259; x_wconf 90' lang='lat' dir='ltr'>quibus</span> <span class='ocrx_word' id='word_1_125' title='bbox 946 2165 1080 2234; x_wconf 81' lang='lat' dir='ltr'>innoxie</span> <span class='ocrx_word' id='word_1_126' title='bbox 1107 2178 1218 2257; x_wconf 87' lang='lat' dir='ltr'>patres</span> <span class='ocrx_word' id='word_1_127' title='bbox 1246 2223 1248 2228; x_wconf 79' lang='grc'>,</span> 
     </span>
     <span class='ocr_line' id='line_1_18' title="bbox 148 2269 1218 2366; baseline 0 -28"><span class='ocrx_word' id='word_1_128' title='bbox 148 2272 337 2365; x_wconf 87' lang='lat' dir='ltr'>equitesque</span> <span class='ocrx_word' id='word_1_129' title='bbox 369 2271 514 2341; x_wconf 86' lang='lat' dir='ltr'>Romani</span> <span class='ocrx_word' id='word_1_130' title='bbox 545 2285 760 2366; x_wconf 88' lang='lat' dir='ltr'>prospectare</span> <span class='ocrx_word' id='word_1_131' title='bbox 799 2269 951 2342; x_wconf 87' lang='lat' dir='ltr'>solebant</span> <span class='ocrx_word' id='word_1_132' title='bbox 983 2286 993 2338; x_wconf 73' lang='grc' dir='ltr'><strong>ι</strong></span> <span class='ocrx_word' id='word_1_133' title='bbox 1030 2269 1218 2364; x_wconf 87' lang='lat' dir='ltr'>cujusmodi</span> 
     </span>
     <span class='ocr_line' id='line_1_19' title="bbox 148 2374 1220 2469; baseline 0.002 -23"><span class='ocrx_word' id='word_1_134' title='bbox 148 2377 321 2469; x_wconf 87' lang='lat' dir='ltr'>quemdam</span> <span class='ocrx_word' id='word_1_135' title='bbox 337 2374 517 2448; x_wconf 81' lang='lat' dir='ltr'>Flaminius</span> <span class='ocrx_word' id='word_1_136' title='bbox 530 2379 647 2448; x_wconf 76' lang='lat' dir='ltr'>Romae</span> <span class='ocrx_word' id='word_1_137' title='bbox 665 2379 869 2464; x_wconf 82' lang='lat' dir='ltr'>construxit3</span> <span class='ocrx_word' id='word_1_138' title='bbox 888 2377 978 2448; x_wconf 88' lang='lat' dir='ltr'>unde</span> <span class='ocrx_word' id='word_1_139' title='bbox 994 2379 1130 2449; x_wconf 91' lang='lat' dir='ltr'>Circum</span> <span class='ocrx_word' id='word_1_140' title='bbox 1147 2379 1173 2446; x_wconf 88' lang='lat' dir='ltr'>F</span> <span class='ocrx_word' id='word_1_141' title='bbox 1175 2375 1220 2448; x_wconf 90' lang='lat' dir='ltr'>la-</span> 
     </span>
     <span class='ocr_line' id='line_1_20' title="bbox 148 2483 1219 2579; baseline 0.004 -27"><span class='ocrx_word' id='word_1_142' title='bbox 148 2485 284 2554; x_wconf 87' lang='lat' dir='ltr'>minium</span> <span class='ocrx_word' id='word_1_143' title='bbox 301 2483 453 2579; x_wconf 89' lang='lat' dir='ltr'>legimus,</span> <span class='ocrx_word' id='word_1_144' title='bbox 467 2497 501 2554; x_wconf 90' lang='lat' dir='ltr'>et</span> <span class='ocrx_word' id='word_1_145' title='bbox 509 2485 645 2554; x_wconf 86' lang='lat' dir='ltr'>Circum</span> <span class='ocrx_word' id='word_1_146' title='bbox 659 2485 893 2569; x_wconf 86' lang='lat' dir='ltr'>Maximum‚a</span> <span class='ocrx_word' id='word_1_147' title='bbox 908 2488 1038 2556; x_wconf 67' lang='lat' dir='ltr'>(meare</span> <span class='ocrx_word' id='word_1_148' title='bbox 1055 2483 1219 2556; x_wconf 81' lang='lat' dir='ltr'>dictatore</span> 
     </span>
     <span class='ocr_line' id='line_1_21' title="bbox 147 2589 1217 2686; baseline 0.001 -26"><span class='ocrx_word' id='word_1_149' title='bbox 147 2605 370 2678; x_wconf 80' lang='lat' dir='ltr'>exstructum,</span> <span class='ocrx_word' id='word_1_150' title='bbox 386 2589 481 2683; x_wconf 87' lang='lat' dir='ltr'>cujus</span> <span class='ocrx_word' id='word_1_151' title='bbox 498 2592 636 2686; x_wconf 86' lang='lat' dir='ltr'>vestigia</span> <span class='ocrx_word' id='word_1_152' title='bbox 658 2591 768 2662; x_wconf 86' lang='lat' dir='ltr'>adhuc</span> <span class='ocrx_word' id='word_1_153' title='bbox 788 2591 888 2662; x_wconf 88' lang='lat' dir='ltr'>bodie</span> <span class='ocrx_word' id='word_1_154' title='bbox 908 2594 1062 2662; x_wconf 87' lang='lat' dir='ltr'>visuntur</span> <span class='ocrx_word' id='word_1_155' title='bbox 1082 2593 1217 2679; x_wconf 80' lang='lat' dir='ltr'>Rornae,</span> 
     </span>
     <span class='ocr_line' id='line_1_22' title="bbox 143 2694 1218 2793; baseline 0.004 -29"><span class='ocrx_word' id='word_1_156' title='bbox 143 2694 233 2788; x_wconf 80' lang='lat' dir='ltr'>juxta</span> <span class='ocrx_word' id='word_1_157' title='bbox 243 2697 352 2792; x_wconf 57' lang='lat' dir='ltr'>mem</span> <span class='ocrx_word' id='word_1_158' title='bbox 368 2699 412 2766; x_wconf 93' lang='lat' dir='ltr'>D.</span> <span class='ocrx_word' id='word_1_159' title='bbox 426 2697 621 2768; x_wconf 86' lang='lat' dir='ltr'>Sebastiano</span> <span class='ocrx_word' id='word_1_160' title='bbox 635 2721 775 2771; x_wconf 85' lang='lat' dir='ltr'>sacram.</span> <span class='ocrx_word' id='word_1_161' title='bbox 791 2700 866 2768; x_wconf 86' lang='lat' dir='ltr'>Fuit</span> <span class='ocrx_word' id='word_1_162' title='bbox 882 2713 993 2768; x_wconf 87' lang='lat' dir='ltr'>autern</span> <span class='ocrx_word' id='word_1_163' title='bbox 1010 2697 1218 2793; x_wconf 83' lang='lat' dir='ltr'>longitudine</span> 
     </span>
     <span class='ocr_line' id='line_1_23' title="bbox 147 2801 1218 2900; baseline 0.005 -30"><span class='ocrx_word' id='word_1_164' title='bbox 147 2803 328 2874; x_wconf 88' lang='lat' dir='ltr'>stadiorum</span> <span class='ocrx_word' id='word_1_165' title='bbox 347 2803 468 2891; x_wconf 88' lang='lat' dir='ltr'>trium,</span> <span class='ocrx_word' id='word_1_166' title='bbox 482 2801 654 2874; x_wconf 87' lang='lat' dir='ltr'>latitudine</span> <span class='ocrx_word' id='word_1_167' title='bbox 670 2806 790 2890; x_wconf 83' lang='lat' dir='ltr'>unius,</span> <span class='ocrx_word' id='word_1_168' title='bbox 808 2829 885 2876; x_wconf 91' lang='lat' dir='ltr'>cum</span> <span class='ocrx_word' id='word_1_169' title='bbox 901 2803 1046 2876; x_wconf 82' lang='lat' dir='ltr'>aedificiis</span> <span class='ocrx_word' id='word_1_170' title='bbox 1060 2805 1218 2900; x_wconf 87' lang='lat' dir='ltr'>jugerum</span> 
     </span>
     <span class='ocr_line' id='line_1_24' title="bbox 146 2908 1219 3006; baseline 0.003 -28"><span class='ocrx_word' id='word_1_171' title='bbox 146 2924 344 3002; x_wconf 86' lang='lat' dir='ltr'>quaternum</span> <span class='ocrx_word' id='word_1_172' title='bbox 366 2908 538 2980; x_wconf 84' lang='lat' dir='ltr'>adsedem</span> <span class='ocrx_word' id='word_1_173' title='bbox 560 2909 782 2982; x_wconf 86' lang='lat' dir='ltr'>ducentorum</span> <span class='ocrx_word' id='word_1_174' title='bbox 804 2913 974 3006; x_wconf 81' lang='lat' dir='ltr'>sexaginta</span> <span class='ocrx_word' id='word_1_175' title='bbox 994 2910 1133 2982; x_wconf 89' lang='lat' dir='ltr'>millium</span> <span class='ocrx_word' id='word_1_176' title='bbox 1152 2911 1219 2981; x_wconf 89' lang='lat' dir='ltr'>be-</span> 
     </span>
     <span class='ocr_line' id='line_1_25' title="bbox 147 3016 1217 3112; baseline 0.003 -28"><span class='ocrx_word' id='word_1_177' title='bbox 147 3016 280 3086; x_wconf 86' lang='lat' dir='ltr'>minum.</span> <span class='ocrx_word' id='word_1_178' title='bbox 304 3019 412 3088; x_wconf 90' lang='lat' dir='ltr'>Erant</span> <span class='ocrx_word' id='word_1_179' title='bbox 438 3017 472 3085; x_wconf 92' lang='lat' dir='ltr'>in</span> <span class='ocrx_word' id='word_1_180' title='bbox 494 3041 535 3085; x_wconf 92' lang='lat' dir='ltr'>eo</span> <span class='ocrx_word' id='word_1_181' title='bbox 557 3030 654 3088; x_wconf 85' lang='lat' dir='ltr'>metae</span> <span class='ocrx_word' id='word_1_182' title='bbox 675 3017 852 3112; x_wconf 72' lang='lat' dir='ltr'>depositus,</span> <span class='ocrx_word' id='word_1_183' title='bbox 870 3018 1013 3090; x_wconf 91' lang='lat' dir='ltr'>duarum</span> <span class='ocrx_word' id='word_1_184' title='bbox 1037 3033 1097 3088; x_wconf 92' lang='lat' dir='ltr'>aut</span> <span class='ocrx_word' id='word_1_185' title='bbox 1115 3020 1217 3087; x_wconf 89' lang='lat' dir='ltr'>trium</span> 
     </span>
     <span class='ocr_line' id='line_1_26' title="bbox 148 3111 1218 3218; baseline 0.002 -26"><span class='ocrx_word' id='word_1_186' title='bbox 148 3122 354 3216; x_wconf 76' lang='lat' dir='ltr'>pyramidum</span> <span class='ocrx_word' id='word_1_187' title='bbox 382 3121 525 3194; x_wconf 83' lang='lat' dir='ltr'>formam</span> <span class='ocrx_word' id='word_1_188' title='bbox 545 3123 741 3196; x_wconf 86' lang='lat' dir='ltr'>referentes.</span> <span class='ocrx_word' id='word_1_189' title='bbox 767 3111 813 3194; x_wconf 77' lang='lat' dir='ltr'>&#39;In</span> <span class='ocrx_word' id='word_1_190' title='bbox 838 3124 909 3218; x_wconf 86' lang='lat' dir='ltr'>ejus</span> <span class='ocrx_word' id='word_1_191' title='bbox 932 3125 1123 3196; x_wconf 86' lang='lat' dir='ltr'>summitate</span> <span class='ocrx_word' id='word_1_192' title='bbox 1147 3149 1218 3194; x_wconf 89' lang='lat' dir='ltr'>car·</span> 
     </span>
     <span class='ocr_line' id='line_1_27' title="bbox 147 3228 1216 3330; baseline 0.002 -32"><span class='ocrx_word' id='word_1_193' title='bbox 147 3251 233 3299; x_wconf 88' lang='lat' dir='ltr'>ceres</span> <span class='ocrx_word' id='word_1_194' title='bbox 247 3244 363 3316; x_wconf 81' lang='lat' dir='ltr'>erant,</span> <span class='ocrx_word' id='word_1_195' title='bbox 375 3253 395 3298; x_wconf 89' lang='lat' dir='ltr'>e</span> <span class='ocrx_word' id='word_1_196' title='bbox 407 3228 528 3324; x_wconf 90' lang='lat' dir='ltr'>quibus</span> <span class='ocrx_word' id='word_1_197' title='bbox 538 3231 615 3325; x_wconf 87' lang='lat' dir='ltr'>equi</span> <span class='ocrx_word' id='word_1_198' title='bbox 629 3231 782 3330; x_wconf 85' lang='lat' dir='ltr'>curribus</span> <span class='ocrx_word' id='word_1_199' title='bbox 793 3231 901 3325; x_wconf 88' lang='lat' dir='ltr'>juncti</span> <span class='ocrx_word' id='word_1_200' title='bbox 918 3231 960 3302; x_wconf 87' lang='lat' dir='ltr'>ad</span> <span class='ocrx_word' id='word_1_201' title='bbox 974 3255 1110 3302; x_wconf 86' lang='lat' dir='ltr'>cursum</span> <span class='ocrx_word' id='word_1_202' title='bbox 1126 3231 1216 3300; x_wconf 90' lang='lat' dir='ltr'>emit·</span> 
     </span>
     <span class='ocr_line' id='line_1_28' title="bbox 148 3325 1216 3429; baseline 0.004 -27"><span class='ocrx_word' id='word_1_203' title='bbox 148 3334 309 3420; x_wconf 83' lang='lat' dir='ltr'>tebantur‚</span> <span class='ocrx_word' id='word_1_204' title='bbox 317 3325 471 3429; x_wconf 54' lang='lat' dir='ltr'>ethuum</span> <span class='ocrx_word' id='word_1_205' title='bbox 481 3336 523 3406; x_wconf 86' lang='lat' dir='ltr'>ed</span> <span class='ocrx_word' id='word_1_206' title='bbox 535 3361 702 3408; x_wconf 85' lang='lat' dir='ltr'>summum</span> <span class='ocrx_word' id='word_1_207' title='bbox 714 3336 935 3427; x_wconf 85' lang='lat' dir='ltr'>devenissent,</span> <span class='ocrx_word' id='word_1_208' title='bbox 948 3337 1216 3423; x_wconf 85' lang='lat' dir='ltr'>revolvebantur,</span> 
     </span>
     <span class='ocr_line' id='line_1_29' title="bbox 148 3439 1215 3538; baseline 0.004 -29"><span class='ocrx_word' id='word_1_209' title='bbox 148 3439 249 3512; x_wconf 88' lang='lat' dir='ltr'>donec</span> <span class='ocrx_word' id='word_1_210' title='bbox 274 3442 319 3512; x_wconf 86' lang='lat' dir='ltr'>ad</span> <span class='ocrx_word' id='word_1_211' title='bbox 343 3443 489 3538; x_wconf 85' lang='lat' dir='ltr'>priorem</span> <span class='ocrx_word' id='word_1_212' title='bbox 514 3457 638 3514; x_wconf 87' lang='lat' dir='ltr'>metam</span> <span class='ocrx_word' id='word_1_213' title='bbox 659 3445 881 3538; x_wconf 79' lang='lat' dir='ltr'>pervenirent</span> <span class='ocrx_word' id='word_1_214' title='bbox 904 3445 934 3514; x_wconf 83' lang='lat' dir='ltr'><strong>A</strong></span> <span class='ocrx_word' id='word_1_215' title='bbox 957 3443 1129 3526; x_wconf 81' lang='lat' dir='ltr'>curribus,</span> <span class='ocrx_word' id='word_1_216' title='bbox 1150 3443 1215 3513; x_wconf 92' lang='lat' dir='ltr'>hoc</span> 
     </span>
     <span class='ocr_line' id='line_1_30' title="bbox 150 3537 1215 3646; baseline 0.004 -29"><span class='ocrx_word' id='word_1_217' title='bbox 150 3563 211 3636; x_wconf 87' lang='lat' dir='ltr'>cst,</span> <span class='ocrx_word' id='word_1_218' title='bbox 229 3549 336 3646; x_wconf 66' lang='lat' dir='ltr'>bigis3</span> <span class='ocrx_word' id='word_1_219' title='bbox 357 3537 471 3644; x_wconf 72' lang='lat' dir='ltr'>tugis,</span> <span class='ocrx_word' id='word_1_220' title='bbox 488 3563 523 3618; x_wconf 88' lang='lat' dir='ltr'>ct</span> <span class='ocrx_word' id='word_1_221' title='bbox 545 3549 729 3645; x_wconf 85' lang='lat' dir='ltr'>quadrigis,</span> <span class='ocrx_word' id='word_1_222' title='bbox 752 3550 894 3622; x_wconf 87' lang='lat' dir='ltr'>Curules</span> <span class='ocrx_word' id='word_1_223' title='bbox 908 3549 994 3622; x_wconf 93' lang='lat' dir='ltr'>Ludi</span> <span class='ocrx_word' id='word_1_224' title='bbox 1010 3549 1098 3619; x_wconf 89' lang='lat' dir='ltr'>dicti.</span> <span class='ocrx_word' id='word_1_225' title='bbox 1115 3551 1215 3622; x_wconf 89' lang='lat' dir='ltr'>Unde</span> 
     </span>
     <span class='ocr_line' id='line_1_31' title="bbox 150 3654 1215 3752; baseline 0.005 -30"><span class='ocrx_word' id='word_1_226' title='bbox 150 3656 238 3726; x_wconf 89' lang='lat' dir='ltr'>etiam</span> <span class='ocrx_word' id='word_1_227' title='bbox 255 3656 365 3726; x_wconf 90' lang='lat' dir='ltr'>dictos</span> <span class='ocrx_word' id='word_1_228' title='bbox 386 3669 469 3750; x_wconf 90' lang='lat' dir='ltr'>puto</span> <span class='ocrx_word' id='word_1_229' title='bbox 490 3654 599 3726; x_wconf 85' lang='lat' dir='ltr'>aediles</span> <span class='ocrx_word' id='word_1_230' title='bbox 620 3656 771 3746; x_wconf 86' lang='lat' dir='ltr'>curules,</span> <span class='ocrx_word' id='word_1_231' title='bbox 786 3657 878 3752; x_wconf 91' lang='lat' dir='ltr'>quod</span> <span class='ocrx_word' id='word_1_232' title='bbox 894 3659 933 3726; x_wconf 88' lang='lat' dir='ltr'>iis</span> <span class='ocrx_word' id='word_1_233' title='bbox 949 3655 1215 3727; x_wconf 86' lang='lat' dir='ltr'>administrandis</span> 
     </span>
     <span class='ocr_line' id='line_1_32' title="bbox 150 3761 1212 3859; baseline 0 -27"><span class='ocrx_word' id='word_1_234' title='bbox 150 3777 249 3833; x_wconf 74' lang='lat' dir='ltr'>esent</span> <span class='ocrx_word' id='word_1_235' title='bbox 267 3761 434 3859; x_wconf 81' lang='lat' dir='ltr'>praefecti3</span> <span class='ocrx_word' id='word_1_236' title='bbox 450 3777 548 3832; x_wconf 88' lang='lat' dir='ltr'>erant</span> <span class='ocrx_word' id='word_1_237' title='bbox 567 3765 654 3834; x_wconf 89' lang='lat' dir='ltr'>enlm</span> <span class='ocrx_word' id='word_1_238' title='bbox 673 3765 823 3835; x_wconf 83' lang='lat' dir='ltr'>omnium</span> <span class='ocrx_word' id='word_1_239' title='bbox 840 3763 1098 3859; x_wconf 77' lang='lat' dir='ltr'>prestantissimi</span> <span class='ocrx_word' id='word_1_240' title='bbox 1115 3763 1212 3834; x_wconf 88' lang='lat' dir='ltr'>Ludi.</span> 
     </span>
     <span class='ocr_line' id='line_1_33' title="bbox 149 3865 1212 3965; baseline 0.002 -29"><span class='ocrx_word' id='word_1_241' title='bbox 149 3865 228 3938; x_wconf 83' lang='lat' dir='ltr'>Nam</span> <span class='ocrx_word' id='word_1_242' title='bbox 245 3872 280 3940; x_wconf 90' lang='lat' dir='ltr'>in</span> <span class='ocrx_word' id='word_1_243' title='bbox 299 3870 396 3940; x_wconf 88' lang='lat' dir='ltr'>iisse</span> <span class='ocrx_word' id='word_1_244' title='bbox 415 3869 607 3956; x_wconf 84' lang='lat' dir='ltr'>exercebat,</span> <span class='ocrx_word' id='word_1_245' title='bbox 627 3883 661 3940; x_wconf 90' lang='lat' dir='ltr'>et</span> <span class='ocrx_word' id='word_1_246' title='bbox 681 3873 811 3965; x_wconf 86' lang='lat' dir='ltr'>mugnis</span> <span class='ocrx_word' id='word_1_247' title='bbox 827 3871 970 3965; x_wconf 77' lang='lat' dir='ltr'>premiis</span> <span class='ocrx_word' id='word_1_248' title='bbox 989 3869 1212 3944; x_wconf 88' lang='lat' dir='ltr'>contendebat</span> 
     </span>
     <span class='ocr_line' id='line_1_34' title="bbox 149 3975 1211 4072; baseline 0.004 -30"><span class='ocrx_word' id='word_1_249' title='bbox 149 3975 344 4047; x_wconf 86' lang='lat' dir='ltr'>nobilissima</span> <span class='ocrx_word' id='word_1_250' title='bbox 367 3977 598 4047; x_wconf 85' lang='lat' dir='ltr'>Romanorum</span> <span class='ocrx_word' id='word_1_251' title='bbox 624 3976 800 4072; x_wconf 78' lang='lat' dir='ltr'>juventus,</span> <span class='ocrx_word' id='word_1_252' title='bbox 822 3977 998 4072; x_wconf 84' lang='lat' dir='ltr'>aptiorque</span> <span class='ocrx_word' id='word_1_253' title='bbox 1022 3975 1065 4045; x_wconf 87' lang='lat' dir='ltr'>ad</span> <span class='ocrx_word' id='word_1_254' title='bbox 1086 3975 1211 4046; x_wconf 92' lang='lat' dir='ltr'>bellum</span> 
     </span>
     <span class='ocr_line' id='line_1_35' title="bbox 150 4080 1213 4179; baseline -0.001 -25"><span class='ocrx_word' id='word_1_255' title='bbox 150 4080 352 4156; x_wconf 77' lang='lat' dir='ltr'>reddebatur.</span> <span class='ocrx_word' id='word_1_256' title='bbox 366 4081 509 4154; x_wconf 84' lang='lat' dir='ltr'>Ficbuut</span> <span class='ocrx_word' id='word_1_257' title='bbox 523 4085 665 4178; x_wconf 85' lang='lat' dir='ltr'>primum</span> <span class='ocrx_word' id='word_1_258' title='bbox 678 4084 775 4179; x_wconf 31' lang='lat' dir='ltr'>&#39;apud</span> <span class='ocrx_word' id='word_1_259' title='bbox 793 4085 947 4179; x_wconf 86' lang='lat' dir='ltr'>antiquos</span> <span class='ocrx_word' id='word_1_260' title='bbox 967 4085 1053 4156; x_wconf 85' lang='lat' dir='ltr'>inter</span> <span class='ocrx_word' id='word_1_261' title='bbox 1067 4107 1161 4155; x_wconf 88' lang='lat' dir='ltr'>enses</span> <span class='ocrx_word' id='word_1_262' title='bbox 1179 4098 1213 4154; x_wconf 89' lang='lat' dir='ltr'>et</span> 
     </span>
    </p>
   </div>
   <div class='ocr_carea' id='block_1_3' title="bbox 0 0 1504 4866">
    <p class='ocr_par' dir='ltr' id='par_1_4' title="bbox 0 0 1504 4866">
     <span class='ocr_line' id='line_1_36' title="bbox 0 0 1504 4866; baseline 0 0"><span class='ocrx_word' id='word_1_263' title='bbox 0 0 1504 4866; x_wconf 95' lang='lat' dir='ltr'> </span> 
     </span>
    </p>
   </div>
  </div>
 </body>
</html>
