3052 4864
319 355 392 403 cun
639 333 811 402 ELOGlA
838 335 1060 406 VETERUM

379 463 486 522 Accius
500 474 576 522 esset
587 477 690 522 atrox:
704 464 825 522 conviva
839 467 991 524 Terentius
1004 480 1096 534 essem

415 566 517 622 Essent
531 583 675 642 pugnaces
696 565 746 644 qui
759 564 817 622 fera
829 563 905 623 bella
919 579 1036 623 canunt.

321 743 503 812 Volcaniis
524 741 697 838 Sedigitas
704 797 714 830 ,
742 743 842 840 apud
860 749 907 813 A.
933 745 1020 814 Gell.
1043 743 1099 813 lib.
1121 747 1202 830 XV,
1226 766 1316 838 cap.
1351 747 1408 826 πῄ.

399 916 509 974 Multos
525 915 652 972 incertos
667 927 778 973 certare
792 909 941 974 haoc‘rem
955 914 1094 987 vidimus,

398 1013 525 1070 Palmam
538 1024 632 1088 poetae
645 1011 757 1070 comico
772 1012 818 1069 cui
834 1011 974 1071 delerant.

399 1112 490 1180 Eum,
505 1128 551 1166 me
561 1106 676 1186 judice,
692 1128 823 1168 errorem
837 1108 993 1169 dissolvam
1010 1107 1082 1168 tibi:

395 1211 439 1266 Ut
449 1219 552 1264 oontm
566 1206 591 1264 si
604 1205 670 1285 quis
683 1207 801 1278 sentiat,
814 1206 887 1266 nihil
903 1209 1017 1266 sentiat.

396 1306 512 1366 Caecilio
527 1305 653 1384 palmam
667 1307 762 1366 Statio
776 1306 815 1365 do
829 1307 950 1366 comico.

396 1402 515 1461 Plautus
529 1403 673 1464 secundus
687 1404 770 1464 facile
783 1416 939 1483 exsuperat
951 1418 1078 1463 caeteros.

397 1499 472 1558 Dein
485 1501 615 1577 Naevius,
626 1502 677 1580 qui
688 1515 783 1560 servet
796 1503 940 1580 pretium,
956 1503 1088 1561 tertiu'st.

398 1597 514 1670 Sierit,
526 1599 607 1677 quod
621 1613 739 1678 quarto,
755 1597 873 1658 dabitur
884 1599 1007 1659 Licinio.

397 1698 467 1752 Post
477 1696 591 1774 insequi
603 1695 748 1756 Licinium
762 1697 837 1755 latio
848 1697 978 1756 Atilium.

398 1795 434 1850 ln
449 1806 530 1852 sexto
546 1794 680 1872 sequitur
689 1794 743 1852 hos
756 1796 823 1854 loco
839 1797 1003 1854 Terentius.

400 1889 551 1968 Turpilius
561 1891 733 1970 septimum,
745 1891 859 1952 Trabea
870 1906 1006 1951 octavum
1021 1891 1141 1952 obtinet.

399 1989 485 2044 Nono
501 1987 567 2045 loco
584 2007 646 2046 esse
661 1987 744 2047 facile
759 1988 834 2047 lanio
850 1988 998 2046 Luscium.

400 2083 551 2142 Decimum
566 2084 643 2144 addo
657 2105 744 2144 causa
758 2085 937 2164 antiquitatis
950 2085 1085 2146 Ennium.

493 2255 644 2325 Velleius
660 2255 889 2342 Poteram,
915 2257 973 2325 lib.
994 2260 1018 2325 I
1021 2308 1030 2333 ‚
1054 2279 1131 2350 cap.
1159 2279 1215 2351 ¹7·

371 2426 562 2524 Dulcesque
579 2431 689 2500 Latini
704 2427 825 2527 leporis
844 2431 970 2502 facetiae
986 2456 1048 2526 per
1064 2428 1250 2519 Caecilium,
1270 2431 1396 2502 Teren·

318 2538 484 2631 numque,
504 2549 539 2605 et
557 2535 731 2607 Afranium
753 2539 890 2632 suppari
907 2551 1002 2608 aetate
1020 2539 1202 2608 nituerunt.

554 2731 643 2801 Fab.
665 2731 868 2824 Qrdntz'licm.
888 2731 944 2802 lib.
960 2737 1010 2820 X,
1031 2757 1108 2829 cap.
1127 2757 1156 2802 1.

376 2917 417 2985 In
436 2917 608 2988 Comoedia
628 2919 772 2987 maxime
793 2916 1133 3006 claudicamus31icet
1154 2919 1263 2986 Varro
1282 2916 1389 2996 dicat,

322 3027 454 3111 Musas,
469 3022 545 3093 AElii
556 3023 693 3094 Stilonis
712 3022 1046 3112 sententia‚Plautino
1063 3048 1216 3094 sermone
1223 3022 1392 3094 locuturas

322 3131 438 3216 finisse,
450 3133 477 3200 si
493 3131 611 3200 Latine
628 3129 719 3224 loqui
733 3129 857 3200 vellent
870 3155 878 3197 ε
889 3129 967 3200 licet
985 3130 1155 3200 Caecilium
1172 3129 1325 3200 laudibus
1345 3133 1390 3200 fe-

321 3253 418 3308 rant:
434 3236 512 3308 licet
524 3238 672 3306 Terentii
686 3237 809 3332 scripta
824 3235 868 3305 ad
885 3237 1074 3331 Scipionem
1094 3237 1285 3307 Africanum
1306 3238 1389 3308 refe

321 3361 457 3415 rantur:
472 3369 546 3440 quae
563 3357 675 3412 taanen
693 3355 771 3413 sunt
790 3344 825 3412 in
841 3343 908 3414 hoc
930 3369 1052 3438 genere
1075 3343 1336 3439 elegantissima,
1358 3360 1390 3414 et

321 3451 395 3547 plus
414 3449 523 3520 adhue
544 3450 699 3520 habitura
712 3452 845 3545 gratiae,
859 3451 887 3520 si
905 3451 993 3518 intra
1013 3474 1127 3520 versus
1145 3451 1312 3520 trimetros
1325 3467 1388 3520 ste-

321 3572 447 3628 ussent.

487 3663 601 3748 Idem,
623 3663 820 3732 Declamat.
849 3667 921 3750 IX,
945 3667 1014 3734 sive
1034 3663 1229 3732 Gladiator.

373 3853 586 3944 Terentium,
603 3882 703 3952 quem
723 3857 809 3926 inter
827 3871 963 3928 caeteros
985 3859 1151 3953 captivos,
1172 3857 1317 3926 secundo
1331 3859 1388 3927 Pu·

319 3967 394 4036 nico
414 3963 521 4050 bello,
539 3965 650 4059 Scipio
664 3962 839 4032 Africanus
853 3964 994 4034 vinculis
1005 3963 1208 4048 exsolverat,
1223 3967 1389 4035 memorie
