2926 4858
182 397 359 468 PETITUS
388 400 451 468 DE
479 399 658 470 ORDINE
686 401 1041 481 COMOEDIARUM.
1071 423 1174 498 cxxi,

116 530 260 600 Terentius
280 555 371 600 anno
392 532 540 626 proxime
563 532 777 628 praecedenti3
798 531 938 629 proinde
956 537 1088 628 Hecyra
1106 561 1156 604 se·

117 635 203 705 cruda
217 650 282 724 est,
296 637 416 708 ordine
431 636 645 723 Tabularum,
660 663 741 734 ques
759 637 838 708 fecit
853 642 1036 710 Terentius.

157 744 251 812 Tertia
271 741 336 812 fuit
354 747 813 830 Hernrourruoeuunuos,
835 760 874 814 ut
889 761 1018 816 constat
1038 772 1078 816 er
1099 749 1157 816 Di·

118 846 258 936 dtscalis,
277 875 352 944 quae
380 852 414 919 iu
437 849 546 920 fronte
574 850 659 921 illius
681 849 851 946 leguntur,
872 855 907 922 in
932 853 1004 922 haec
1030 843 1154 924 verba:
1273 899 1276 922 .

122 956 209 1024 «teu
228 959 326 1026 tertia
345 959 394 1026 Μ.
415 958 572 1026 inventio
594 972 628 1026 et
650 960 698 1026 M.
721 960 917 1052 Sempronio
938 962 1030 1030 Coss.
1047 989 1063 1024 r
1087 957 1154 1048 Qui

118 1060 239 1132 consides
257 1061 397 1132 fuerunt
414 1087 501 1131 anno
520 1063 562 1130 ab
580 1064 625 1132 U.
643 1066 685 1134 C.
711 1061 795 1159 591.

155 1169 293 1261 Sequitur
308 1182 431 1264 quarta
445 1171 634 1255 hesuro,
654 1168 696 1238 de
715 1194 781 1263 qua
798 1169 1013 1240 Didascaliae:
1029 1173 1157 1241 «Facta

117 1284 155 1338 est
168 1275 221 1340 IV.
237 1277 275 1343 C.
293 1277 441 1358 Fannio,
457 1277 505 1342 Μ.
524 1273 660 1344 Valerio
677 1277 797 1345 Coss.»
815 1277 917 1366 Q'uod
937 1279 1036 1347 etiam
1052 1291 1154 1348 testa-

117 1390 159 1444 tur
175 1381 335 1466 Donatus,
358 1380 555 1451 Praefatione
575 1383 608 1450 in
628 1381 715 1451 hanc
737 1381 925 1452 Fabulam:
955 1383 1080 1454 «Edita
1106 1399 1155 1454 est

116 1498 211 1575 quarto
228 1483 299 1556 loco
320 1489 371 1556 M.
391 1486 524 1557 Valerio
543 1502 577 1556 et
599 1491 637 1557 C.
661 1490 786 1560 Fannio
805 1492 927 1560 Coss.»

156 1591 223 1661 Post
238 1593 476 1662 Phormionem
500 1595 614 1688 quinta
636 1608 686 1663 est
704 1594 791 1664 edita
810 1597 1022 1683 Eunuchus,
1041 1596 1155 1666 iisdem

117 1695 191 1764 Cosa
202 1699 312 1768 iisdem
328 1699 508 1786 AEdilibus3
527 1699 630 1770 habes
649 1700 683 1770 id
696 1725 736 1768 ex
757 1701 969 1790 Didascaliis,
983 1717 1017 1772 et
1030 1705 1155 1773 Donati

116 1800 281 1876 musione
292 1807 332 1874 in
344 1805 433 1876 hanc
445 1805 603 1875 Fabulam
618 1823 726 1876 :anno
734 1809 889 1877 nimirum
906 1808 947 1878 ab
958 1810 1001 1878 U.
1013 1812 1051 1879 C.
1069 1806 1156 1904 593.

155 1909 200 1979 Bis
220 1911 338 1982 eodem
365 1913 420 1981 die
439 1913 602 2007 producta
624 1914 826 1994 inscensum,
854 1916 986 1983 tertium
1011 1915 1155 2009 denique

116 2027 171 2084 aute
191 2019 365 2112 :pretium
390 2032 468 2088 octo
494 2017 636 2091 millibus
663 2021 849 2090 sestertium
872 2035 1083 2089 numeratum
1106 2037 1157 2090 est

116 2118 209 2192 Poetae.

155 2229 306 2302 lurnrm
327 2247 420 2302 sexta
448 2246 498 2302 est
520 2233 691 2303 Comoedia
713 2258 733 2302 a
753 2232 910 2303 Terentio
929 2231 1036 2318 facta,
1051 2255 1155 2325 eaque

116 2331 182 2402 edita
197 2352 242 2408 est
260 2340 372 2408 Lucio
391 2340 525 2426 Anicio,
541 2339 586 2408 M.
604 2337 759 2411 Cornelio
779 2343 871 2409 Coss.
891 2338 957 2409 hoc
979 2353 1046 2425 est,
1064 2363 1154 2408 anno

116 2436 191 2509 uu.
202 2445 237 2512 C.
254 2441 345 2540 594.
360 2445 463 2514 Ludis
476 2443 671 2516 funebribus
688 2448 725 2515 L.
739 2445 859 2515 AEmilii
873 2443 984 2532 Pauli,
997 2445 1035 2515 ut
1050 2445 1153 2524 habes

116 2543 341 2620 iuDidascaliis.
356 2551 476 2621 Iisdem
498 2552 601 2622 Ludis
613 2551 807 2622 funebribus
821 2550 925 2621 relata
939 2555 1084 2646 Hecyra,
1098 2551 1156 2620 sed

116 2671 167 2718 uun
181 2653 318 2748 placuit,
331 2672 370 2726 ut
386 2672 437 2728 est
450 2659 484 2726 in
498 2657 702 2728 Didascaliis.
722 2660 817 2728 Prius
839 2673 951 2728 tamen
971 2658 1005 2728 in
1023 2681 1156 2728 scenam

116 2758 254 2848 producta
281 2777 333 2832 est
351 2765 499 2858 Hecyra,
517 2788 617 2857 quam
638 2763 796 2858 Adelphi‚
820 2779 858 2834 ut
882 2763 1001 2860 colligo
1024 2789 1064 2833 ex
1084 2766 1157 2834 Do·

27 2875 29 2904 t
116 2876 193 2948 nato,
207 2869 263 2962 qui
280 2869 382 2963 dicit:
405 2873 566 2940 «Factam
585 2884 620 2940 et
634 2869 754 2940 editam
773 2872 889 2964 quinto
910 2868 996 2940 loco.
1012 2901 1029 2936 n
1052 2869 1157 2957 Male,

27 2987 29 3074 ᾗ
115 2981 144 3035 ut
157 2972 352 3062 audivimus3
370 2976 432 3062 nisi
453 2975 591 3071 perinde
611 2976 764 3046 habueris
779 2978 920 3071 primam
938 2975 1023 3048 illius
1041 2976 1158 3046 editio·

27 3105 28 3144 i
116 3081 263 3166 semem
286 3081 450 3164 Octavio,
471 3081 508 3149 T.
530 3081 658 3152 Manlio
679 3083 771 3152 Coss.
794 3084 887 3178 quasi
908 3086 1045 3152 omnino
1071 3083 1157 3152 edita

27 3219 28 3232 r
115 3201 167 3250 nou
187 3200 286 3271 esset,
306 3211 540 3282 quumneque
571 3202 735 3278 spectate,
759 3212 866 3282 neque
893 3203 967 3258 acta
992 3203 1071 3258 tunc
1096 3190 1157 3272 sit3

27 3309 28 3312 ’
115 3309 200 3382 neque
215 3306 287 3361 tum
305 3292 391 3362 male
409 3292 497 3363 dices
516 3296 655 3387 «quinto
673 3292 766 3381 loco,
781 3325 798 3359 »
816 3320 919 3389 quum
934 3294 1097 3389 producta
1109 3308 1159 3363 est

27 3419 28 3480 3
115 3388 153 3460 bis
175 3393 255 3468 ludis
281 3398 476 3469 funebribus
500 3399 620 3468 AEmilii
641 3399 733 3469 Pauli
752 3416 829 3470 aute
849 3398 1028 3496 Adelphos.
1044 3401 1158 3489 Quare

27 3587 28 3592 ἵ
115 3499 273 3574 audiendus
287 3531 357 3574 nou
371 3518 422 3575 est
435 3508 604 3592 Donatus,
616 3508 675 3600 qui·
687 3529 760 3575 eam
778 3505 951 3576 «secundo
965 3504 1039 3574 loco
1049 3519 1158 3574 actam

27 3651 28 3656 κ
115 3600 191 3693 dicit,
204 3612 302 3680 etiam
316 3625 388 3680 tum
402 3611 476 3680 rudi
492 3612 625 3681 nomino
639 3615 763 3698 Poetre3
778 3614 888 3708 itaque
904 3613 951 3681 sic
966 3614 1157 3705 pronuntia·

27 3719 28 3792 Ῐ
116 3721 172 3783 lum
197 3716 339 3812 Adelphi
359 3704 520 3803 Terentii,
542 3742 610 3788 non
639 3720 784 3789 Terentii
809 3717 960 3812 Adelphi.
979 3716 1081 3807 Quod
1104 3717 1160 3786 ad·
1226 3715 1231 3725 '

114 3812 166 3887 buc
183 3821 222 3892 de
240 3822 376 3892 Fabulae
393 3826 498 3919 magis
513 3826 648 3896 nomine
664 3828 781 3911 Poeta,
797 3848 897 3919 quam
916 3823 957 3894 de
974 3827 1085 3894 Poetae
1098 3849 1157 3892 no·

113 3924 185 3996 nirre
197 3928 319 3999 Fabula
340 3929 670 4000 commendaretur.»
694 3933 779 4021 Quas
799 3929 901 4000 futilis
917 3930 1159 4026 argumentatio

27 4109 28 4112 Ἴ
114 4044 166 4098 est:
179 4057 247 4105 nam
262 4035 355 4104 nulla
368 4035 565 4105 Tabularum
580 4039 723 4106 Terentii
739 4038 950 4132 pronuntiata
966 4051 1016 4106 est
1028 4037 1161 4107 Turnu-
