2932 4860
280 394 329 477 lta
500 389 682 460 PUBLII
708 387 969 460 TERENTII
997 389 1124 459 AFRI

281 521 414 618 Aliquid
435 520 596 611 facerem,
613 536 652 592 ut
668 523 734 593 hoo
755 549 798 593 ne
817 523 971 593 facerem.
993 521 1059 593 Sed
1082 545 1171 592 nuno
1189 522 1269 619 quid
1288 525 1348 620 pri·

441 653 533 697 mum
548 628 730 725 exsequar?

282 737 349 806 Tot
374 759 427 805 me
456 735 640 830 impediunt
667 761 772 825 curae,
798 760 872 832 quae
897 756 1009 806 meum
1039 736 1186 805 animum
1215 735 1349 806 divorse

441 839 596 913 trahunt!
1312 871 1352 912 ss.

285 949 407 1032 Amor,
429 947 654 1018 misericordia
672 947 789 1043 hujus,
809 949 998 1044 nuptiarum
1021 947 1221 1018 sollicitatio:

284 1055 370 1149 Tum
395 1055 498 1149 patris
523 1054 651 1148 pudor,
678 1056 735 1150 qui
760 1079 814 1124 me
839 1069 908 1125 tarn
934 1053 999 1124 leni
1024 1077 1141 1149 passus
1165 1055 1277 1124 ammo
1299 1070 1351 1125 est

443 1184 548 1254 usque
568 1159 697 1248 adhue,

285 1266 370 1355 Quae
384 1289 460 1336 meo
476 1291 618 1361 eumque
635 1269 748 1337 animo
766 1265 908 1337 lubitum
924 1265 981 1356 ’st,
999 1267 1109 1338 facere
1125 1293 1133 1336 :
1147 1267 1211 1338 ein’
1230 1291 1293 1362 ego
1311 1282 1351 1336 ut

443 1371 626 1442 advorserl
647 1375 710 1443 Hei
727 1369 824 1444 mihil

284 1479 453 1548 Incertum
465 1481 522 1568 'st,
536 1479 618 1574 quid
631 1503 737 1576 agam.
751 1481 822 1550 Mr.
837 1480 959 1550 Misera
973 1480 1093 1565 timeo,
1106 1481 1271 1550 incertum
1285 1479 1351 1548 hoo

442 1609 601 1679 quorsum
616 1586 753 1656 accidat

285 1688 350 1758 Sed
370 1715 460 1760 nunc
482 1716 611 1788 peropu
625 1679 686 1781 'st‚
707 1707 766 1761 aut
785 1691 876 1764 huno
897 1716 975 1762 oum
989 1693 1082 1788 ipsa,
1098 1705 1156 1760 aut
1170 1691 1212 1760 de
1228 1689 1285 1759 illa
1299 1715 1352 1760 me

441 1796 619 1868 advorsum
639 1799 730 1868 huno
751 1797 850 1893 loqui.
1315 1821 1352 1861 2⁶⁵

284 1903 376 1972 Dum
397 1902 430 1971 in
452 1903 553 1975 dubio
574 1919 625 1975 est
645 1906 791 1990 animus,
813 1902 913 2002 paulo
931 1917 1102 1974 momento
1118 1903 1186 1973 huc
1203 1900 1259 1972 vel
1276 1897 1354 1970 illue

442 2009 630 2107 impellitur.

283 2223 369 2281 petor,
380 2211 452 2283 quid,
463 2211 569 2282 cognito
582 2211 664 2284 patris
674 2210 795 2276 decreto,
839 2211 962 2281 ignorans
971 2211 1281 2282 quorsum—Imm
1289 2210 1334 2260 loc
1343 2247 1351 2272 ,

284 2289 395 2344 lenisset.
405 2291 487 2360 Vulg.
504 2303 589 2360 rogo,-
602 2290 648 2346 sed
662 2293 743 2362 Eugr.
758 2295 796 2344 ts·
840 2290 1000 2344 substantive
1014 2289 1133 2344 dietum:
1147 2291 1204 2344 hoe
1218 2288 1353 2360 Pamphili

287 2380 406 2438 temper,
421 2369 578 2439 astipulante
589 2383 683 2424 metro.
697 2373 775 2423 Both.
840 2369 960 2423 olfieiorn
967 2371 1194 2422 interstamorem
1202 2368 1352 2422 fluctuatio.

328 2448 394 2518 ²⁵9·
405 2449 511 2521 Aliquid
513 2450 630 2514 facerem.
640 2451 706 2508 Pro,
721 2450 798 2504 feeit-
883 2449 948 2502 265.
964 2449 1039 2501 Hunc
1052 2469 1105 2501 eura
1121 2452 1191 2519 ipsa,
1205 2460 1250 2500 out
1264 2449 1295 2499 de
1309 2447 1353 2498 itta

286 2545 350 2580 sem.
363 2527 510 2598 Responsio
522 2527 605 2581 estad
617 2529 739 2599 proxime
752 2548 797 2582 ro·
841 2547 877 2580 ne
892 2527 1016 2580 advorsum
1030 2529 1092 2580 luae
1106 2529 1173 2600 loqui
1183 2527 1353 2598 Pamphilum

286 2618 384 2677 gutum.
400 2638 439 2650 -
455 2607 506 2660 Sed
519 2625 595 2672 aune,
612 2627 696 2680 quum
715 2607 797 2663 nodo
841 2625 903 2664 curn
916 2607 1354 2678 Glyoerio.-IllaGlyoerio.-

288 2697 390 2738 tantmn
404 2686 566 2740 restiterim.
841 2688 977 2740 Advorsum
988 2689 1067 2752 lune,
1082 2685 1154 2758 apud
1166 2687 1255 2742 hune:
1268 2699 1298 2738 ut
1310 2703 1354 2737 su·

327 2767 392 2818 260.
405 2767 719 2838 Tormeiorpeds'untearoe,
731 2767 797 2822 adeo
841 2785 889 2838 pra
901 2786 927 2820 v.
945 2774 997 2831 4²»
1013 2786 1074 2839 pag.
1092 2773 1137 2822 15.
1147 2769 1188 2820 De
1204 2766 1285 2818 totius
1300 2765 1354 2816 hu·

286 2845 377 2899 multe
388 2863 468 2898 euro.
839 2849 912 2918 jusoe
922 2865 1013 2900 versus
1026 2847 1085 2902 lect.
1101 2847 1189 2902 Bentl-
1208 2871 1220 2892 ι
1229 2845 1301 2915 laege
1309 2862 1354 2914 pt·

329 2927 394 2976 261.
408 2924 489 2996 Hujus
503 2924 640 2996 Glycerii,
653 2943 714 2996 quat
732 2927 797 2980 orba
842 2926 942 2996 ropu'st.
966 2927 1057 2979 Nostri
1077 2924 1158 2980 codd.
1181 2943 1275 2978 omnes
1300 2923 1354 2976 hoe

286 3001 522 3074 derelinqueretur.
531 3004 685 3069 SoUicitou'm
698 3007 799 3078 impor·
841 3004 946 3070 ordine,
957 3017 1002 3058 ortt
1012 3005 1107 3078 aliquid
1115 3005 1145 3057 de
1160 3005 1204 3056 illo
1217 3023 1263 3056 rae.
1275 3002 1355 3055 Tolle

287 3095 350 3138 tuna
363 3081 487 3156 taediique
500 3085 579 3156 plena
592 3085 747 3157 nuptiarum
759 3086 797 3139 ef·
842 3085 951 3156 aliquid,
968 3083 1042 3157 quod
1056 3097 1082 3137 et
1094 3084 1202 3138 incerto
1215 3095 1256 3135 est
1272 3080 1355 3147 sedis,

286 3163 426 3234 flagitatim
435 3162 549 3218 editores
557 3165 604 3218 alii
616 3164 742 3219 exhibent
749 3167 798 3218 sol-
842 3175 869 3217 et
882 3177 1012 3236 repugnat
1027 3163 1140 3218 sensui.»
1156 3191 1198 3206 -·
1210 3161 1303 3214 Goelf.
1321 3180 1355 3228 1,

288 3243 395 3296 licitudo.
519 3283 521 3290 .
841 3243 871 3295 de
882 3247 943 3314 ipsa.

329 3326 395 3378 262.
408 3324 490 3388 Tur,
510 3323 795 3396 proteru.-Patris
882 3326 946 3376 26⁶.
971 3323 1039 3374 Dum
1059 3326 1084 3374 io
1106 3321 1181 3374 clodio
1201 3321 1356 3384 atenim,

282 3403 371 3473 pudor,
390 3405 535 3458 rereuentia
555 3404 624 3475 patri
639 3403 737 3457 debita.
835 3399 1356 3473 palummuannstatiootmnti·

329 3484 395 3537 263.
409 3483 474 3552 Quo
490 3503 540 3536 meo
555 3503 652 3556 cumque
664 3486 744 3536 naimo
756 3484 794 3536 lu·
838 3499 978 3554 na‚qoum
986 3479 1032 3547 id,
1043 3479 1117 3553 quod
1129 3478 1309 3552 ponderator,
1326 3479 1355 3531 in

287 3561 361 3615 bitom
379 3564 424 3627 itt,
439 3565 496 3618 sub.
511 3565 606 3617 fucere.
617 3591 657 3608 --
668 3563 732 3632 Quo
742 3583 794 3616 roeo
838 3575 956 3618 neumam
967 3573 1071 3632 partem
1078 3561 1172 3631 vergit,
1179 3571 1207 3612 et
1217 3559 1356 3612 incer-torn

287 3660 384 3714 cunque
392 3646 543 3713 pertmeoim
552 3682 560 3708 ,
570 3661 621 3715 pro
631 3661 793 3715 quorumque.
836 3639 989 3714 pendet-
999 3641 1097 3705 Paulo,
1108 3637 1269 3711 ndjeotirum
1283 3656 1297 3690 a
1306 3657 1356 3709 po-

286 3721 438 3786 -Foeere,
452 3724 521 3794 refer
530 3725 565 3776 od
572 3743 659 3794 possut
669 3733 713 3774 est.
729 3723 791 3776 Pas·
837 3741 895 3784 rust,
904 3741 959 3793 quo
967 3721 1100 3774 rarissime
1109 3720 1149 3772 usi
1161 3731 1356 3777 suntauotones

285 3817 331 3852 sus
350 3814 389 3854 est
402 3820 447 3854 me
467 3803 560 3857 faeere.
576 3836 617 3848 —-
629 3803 693 3855 ΕἰιιΙ
705 3821 753 3872 ego
766 3815 795 3856 ot
836 3813 1013 3872 preterquam
1028 3801 1056 3853 in
1073 3799 1197 3853 ablativo.
1214 3799 1291 3851 Nost.
1303 3797 1356 3850 tut.

285 3879 403 3934 adversor.
423 3881 540 3937 Subuudi
550 3891 671 3955 oportet,
687 3898 792 3954 nquam
837 3879 951 3952 Adelph.
965 3882 1032 3938 880.
1051 3879 1150 3933 «Paulo
1163 3889 1299 3950 summu.-
1314 3907 1355 3920 --

286 3973 381 4030 ρει-
395 3962 466 4025 Eiu',
482 3966 603 4034 proer'ae.
838 3957 1106 4031 Memento‚pondere
1114 3953 1354 4030 quosoperaddito

328 4043 393 4106 264.
407 4043 489 4094 Tisaeo
501 4055 685 4116 permoto.
695 4041 792 4107 timeo,
836 4039 925 4095 lanoea
938 4041 992 4094 hue
1007 4040 1050 4093 vel
1066 4039 1129 4093 illue
1145 4037 1268 4092 inclinet.
