2928 4856
270 325 345 399 260
391 416 394 424 ‚
477 301 688 392 -ruaLu
715 321 971 392 rnaauru
1000 325 1117 392 arm

268 453 360 528 Malo
380 454 542 552 principio
563 477 683 548 magna
702 451 904 523 familiaritas

267 565 420 634 Conflata
439 559 488 631 ’st
504 559 610 649 Quid,
630 561 656 628 si
674 559 835 654 quispiam
854 559 918 630 hoc
935 559 1041 630 voluit
1055 559 1169 630 Deus?

264 675 352 740 Tua.
366 668 527 763 Equidem
549 665 604 761 pol
624 668 657 735 iu
678 689 751 734 eam
769 680 898 761 partem
915 668 1121 762 accipioque,
1137 681 1173 737 et
1189 667 1279 738 volo.
1295 701 1336 739 ae

265 781 387 846 Cunu-
404 779 514 844 Immo
535 773 632 842 etiam
654 795 777 866 quaeso.
793 773 907 841 Unum
922 772 988 841 hoc
1008 775 1110 862 scito,
1123 777 1336 847 contumeliae

307 959 373 1029 873.
393 957 465 1010 Malo
472 957 601 1026 principio.
613 953 692 1007 Bent-
703 963 776 1007 nntst
819 953 965 1008 confinium
973 955 1164 1026 particularum
1172 971 1257 1030 qamt
1270 960 1333 1014 ubi.

264 1059 334 1092 sexe
348 1036 473 1091 subdue
488 1055 519 1088 ea
534 1035 597 1086 maa»
608 1036 737 1104 principio,
749 1047 776 1087 et
818 1035 858 1087 vis
866 1035 946 1088 latine
954 1035 1179 1106 Nostroinprimia
1189 1039 1273 1091 amari
1283 1060 1335 1094 no·

265 1119 405 1172 assentitur
417 1116 440 1168 ei
451 1115 498 1186 qui
506 1115 607 1185 primus
617 1111 701 1167 edidit
712 1114 776 1164 molo
818 1125 856 1167 tat
865 1114 1152 1184 Palatua-Aaou,
1167 1117 1332 1190 interpretor

262 1219 293 1251 er
305 1199 432 1268 principio.
441 1195 480 1247 lta
495 1211 603 1266 quoque
615 1193 705 1262 legunt
714 1193 774 1263 Bip.
809 1191 891 1268 ,qnod
905 1207 993 1247 aetum
1006 1207 1053 1247 est.
1067 1225 1107 1236 -
1118 1197 1207 1247 Iuenna
1213 1212 1330 1267 panea,

263 1277 360 1348 Delph.
386 1275 440 1327 atti
461 1275 492 1324 ab
515 1278 561 1325 isto
582 1275 710 1343 principio.
734 1305 775 1316 -
817 1271 911 1326 eodem
922 1291 999 1327 sensu
1010 1291 1064 1344 quo
1075 1273 1266 1346 interpretaris,
1278 1281 1331 1334 aci.

261 1359 332 1410 Malo
344 1357 478 1428 principio,
494 1351 598 1422 origiue
614 1369 709 1421 parum
723 1352 774 1404 ho·
816 1351 878 1405 licet
887 1353 1039 1424 quempiam
1048 1353 1134 1406 Deum
1144 1354 1328 1422 bocvoluisev

260 1450 342 1490 nesta.
358 1433 434 1488 Idem
450 1432 566 1494 facinus,
588 1430 688 1483 scilicet
699 1431 773 1484 Sabi·
816 1441 842 1483 et
859 1430 918 1484 iore
935 1444 964 1484 ut
983 1445 1079 1485 eterna
1092 1432 1162 1488 inter
1179 1453 1227 1487 voa
1241 1440 1329 1507 gratia

260 1535 375 1578 narum,
395 1510 488 1566 eadem
514 1509 643 1564 sententia
667 1523 773 1565 excusat
815 1509 856 1562 ait.
873 1545 913 1554 -
929 1513 966 1563 Et
983 1513 1049 1565 voto.
1068 1513 1104 1565 Et
1122 1526 1219 1584 exopto
1238 1530 1270 1570 ut
1290 1518 1330 1572 ita

259 1596 390 1649 Romulus
400 1591 472 1663 apud
486 1591 609 1643 Livium:
623 1613 634 1635 ι
649 1589 724 1660 Saepe
740 1607 772 1643 ex
814 1588 848 1641 ait
858 1589 1085 1662 quemadmodum
1096 1605 1124 1644 tu
1133 1591 1209 1646 dicia.

259 1675 357 1746 injuria
386 1669 557 1744 postmodum
586 1670 698 1740 gratiam
727 1689 772 1723 or·
856 1670 1012 1741 876.1mm0
1026 1675 1107 1725 ettam.
1127 1671 1170 1724 Sic
1184 1673 1327 1730 scribimus

257 1767 320 1809 tam.
339 1781 350 1801 ι
368 1752 477 1805 Faraab.
814 1763 873 1818 poet
891 1751 1024 1804 Perletum
1039 1751 1085 1822 qui
1099 1751 1173 1806 aolus
1190 1753 1259 1807 banc
1270 1755 1326 1810 lee-

299 1838 365 1904 874.
378 1831 454 1904 Quid
472 1830 526 1882 Alii
538 1829 577 1882 Et
589 1829 652 1900 quid.
667 1827 771 1882 Diversi
813 1827 913 1881 tionem
926 1829 1034 1901 recepit.
1047 1829 1141 1884 Crateri
1148 1850 1240 1886 omnes
1254 1853 1325 1906 qnos

257 1913 360 1968 diverse
376 1913 524 1966 collocant:
537 1912 618 1964 Zeun.
635 1909 712 1979 Valp.
725 1908 770 1960 laec
811 1905 940 1962 babemus
955 1912 1026 1960 immo
1041 1913 1085 1963 ita.
1100 1919 1140 1954 -'-
1160 1911 1236 1964 Imm
1248 1919 1326 1966 etiarn

256 1991 487 2068 qat'sq.vol.Botb.
501 1989 571 2043 Perl.
589 1991 704 2061 qraispium
714 1988 767 2041 hoe.
811 2006 906 2060 quaeso,
929 2000 978 2042 etc.
1003 1989 1109 2042 Chaerea
1131 1992 1182 2059 jam
1203 1991 1325 2049 vividius

255 2076 315 2148 Bip.
328 2075 491 2146 coluitqnt'sp.
503 2099 543 2112 -
555 2069 637 2140 Quid,
651 2087 701 2139 pro
710 2067 771 2140 qaid
809 2066 942 2138 loquitur,
959 2082 986 2121 et
999 2087 1091 2139 preces
1104 2066 1241 2136 admovet,
1254 2071 1324 2126 dum

248 2159 361 2225 suturam
374 2164 438 2206 est...
451 2148 575 2221 Elliptica
591 2147 707 2204 locutio.
719 2165 767 2218 per
809 2158 885 2200 antea
903 2147 964 2200 satis
983 2148 1110 2202 babuerat
1130 2147 1252 2222 adagium
1271 2173 1323 2225 pm

255 2254 335 2308 quam
359 2237 504 2304 junguntur
528 2228 609 2299 hujus
632 2227 767 2280 sententiae
808 2227 974 2280 excusatione
990 2228 1086 2281 afferre
1100 2245 1108 2281 :
1123 2249 1186 2300 soepe
1197 2250 1228 2283 es
1238 2231 1324 2304 barjes-

254 2309 498 2386 pa'rtestalimodo:
514 2305 767 2377 «Sipntestderiut
809 2307 881 2370 modi,
895 2320 965 2372 etc.;
988 2320 1014 2360 et
1033 2307 1098 2360 dum
1119 2321 1244 2380 praterea
1268 2313 1322 2366 Dei

254 2411 348 2466 magna
356 2386 650 2444 familiaritasconfletur
660 2387 767 2458 equoli·
808 2383 987 2439 interventum
999 2388 1061 2440 satis
1072 2386 1165 2441 leviter
1175 2390 1319 2461 objecerat.

253 2475 300 2526 bet
318 2472 387 2524 malo
401 2467 552 2540 principio,
568 2465 633 2537 quid
647 2467 766 2520 futurum
809 2464 916 2518 Scilicet
932 2464 1034 2520 adhaec
1049 2465 1145 2539 frigide
1159 2479 1261 2523 tantum
1275 2491 1320 2525 re·

254 2566 306 2618 eat,
319 2543 354 2618 (i.
369 2569 392 2604 e.
407 2545 544 2620 quomodo
558 2545 586 2598 id
601 2564 654 2598 non
670 2547 767 2616 poterit
807 2543 916 2616 spondit
928 2546 1021 2612 Thais,
1036 2559 1063 2600 et
1075 2547 1150 2618 quasi
1167 2567 1223 2602 non
1234 2547 1320 2605 fidem

254 2631 337 2703 magia
345 2629 424 2683 etiam
434 2615 536 2694 {tertiat
547 2627 616 2678 Dent
624 2624 766 2696 quispiam,
808 2623 916 2678 Charon
923 2625 1320 2698 lecerit.Vultergoadulesoens

252 2708 479 2781 hocpriucipium
492 2705 673 2778 ipsevoluerit
686 2705 766 2759 ansei-
806 2704 982 2775 suapicionem
1003 2705 1072 2759 hanc
1094 2707 1236 2777 corrigere.
1257 2709 1320 2764 Jsm

252 2789 507 2858 me..-()uiapiam
519 2786 602 2848 Deus,
615 2786 765 2838 vultAino-
806 2802 861 2836 non
879 2785 1021 2838 sententiaa
1040 2786 1218 2857 proverbiales
1231 2805 1319 2842 anun·

254 2891 310 2925 rem
327 2868 439 2940 intelligi
457 2867 552 2918 Deum.
576 2865 621 2918 Sic
639 2866 765 2936 pleraque
808 2863 871 2928 tiat,
886 2863 932 2918 sed
947 2863 1056 2918 adhibet
1073 2885 1178 2936 precem
1193 2869 1249 2938 jam
1260 2887 1318 2922 nou

254 2945 766 3023 repentinisimpulsionibnsnatamiris·
806 2941 833 2994 in
856 2945 924 2997 Deos
947 2961 1004 2997 retu
1032 2947 1171 3012 transfert3
1200 2945 1246 3000 sed
1270 2965 1318 3001 ex-

255 3049 308 3104 que
332 3027 470 3082 eventibus
493 3027 549 3078 Deo
569 3025 691 3095 cuipiam
714 3021 763 3076 ad·
805 3037 878 3075 cusat
893 3042 921 3077 se
934 3014 1003 3078 bona
1020 3037 1108 3077 mente
1122 3025 1227 3086 fecisse.
1239 3024 1317 3100 quud

252 3109 332 3166 scribi
345 3103 591 3176 soleut;Vi‹l.apu‹l
600 3104 703 3157 Sallust.
716 3115 762 3156 «nt
806 3102 868 3154 mali
888 3103 958 3157 lecit.
977 3137 1017 3148 -
1032 3105 1127 3169 Immo,
1150 3103 1217 3158 illud
1236 3124 1317 3178 spem

255 3184 762 3260 tantarepentemutationonaiueDeo
805 3193 877 3235 tuam
897 3183 1064 3253 potissimum
1084 3183 1243 3239 confirmare
1264 3176 1315 3239 de-

254 3268 398 3326 rideretur.
410 3291 422 3312 ·
436 3265 521 3318 Plaut.
532 3263 621 3316 Aulul.
634 3263 684 3326 IV,
693 3281 719 3326 x,
730 3279 760 3334 7:
804 3262 851 3313 bet
859 3301 868 3326 ‚
886 3261 959 3334 quod
967 3276 1057 3334 praeter
1070 3281 1176 3317 canaam
1188 3259 1314 3336 sperandi

258 3340 762 3415 ¹Densmilriimpnlsorl'uit.lamead
805 3359 883 3412 qnam
905 3343 1044 3415 concipere
1062 3341 1165 3408 deber,
1186 3363 1236 3416 ego
1255 3345 1315 3416 ipse

253 3433 326 3485 illam
345 3426 437 3480 illexit.
457 3435 469 3458 ¹
482 3421 619 3482 bibamus,
637 3441 762 3494 progym·
805 3438 908 3492 quaeso,
923 3435 972 3476 etc.
987 3453 1020 3466 -
1039 3423 1144 3492 Quaeso,
1161 3435 1193 3478 ut
1211 3424 1238 3476 in
1253 3441 1313 3478 earn

252 3529 308 3566 nas.
329 3519 419 3560 onntm
437 3501 569 3557 homicid.
589 3502 699 3562 Κὰλλους
722 3501 759 3562 τὶς
803 3515 905 3572 partem
926 3503 1037 3574 accipias
1050 3513 1078 3555 et
1090 3503 1163 3556 velis.
1176 3535 1217 3546 -
1233 3503 1314 3556 Um

255 3589 370 3650 ἡττηθεὶς
382 3583 462 3638 oldtaai
477 3581 654 3654 plmdfflxu
671 3581 761 3652 capai-
804 3581 848 3632 luae
865 3585 932 3634 scito.
950 3583 1013 3636 Hac
1033 3581 1152 3652 subjicit,
1172 3595 1202 3635 nt
1220 3583 1314 3636 animo

255 3689 335 3728 ruotv·
348 3666 449 3733 ιβιάσθη
462 3663 570 3734 papini
585 3667 627 3715 τοῦ
642 3665 694 3714 troi·
704 3684 710 3696 ·
719 3663 760 3714 καὶ
802 3659 904 3714 sincero
910 3661 1045 3733 precariae
1054 3659 1233 3715 ostendat.-
1244 3663 1314 3716 Cori·

253 3753 314 3822 πρὸς
328 3735 761 3818 rbvEporaduvaarsiavaivaalpuv
806 3741 921 3807 tetradiae,
935 3741 963 3793 in
979 3742 1108 3814 puellam,
1123 3753 1247 3812 stuprum
1270 3743 1314 3795 in·

252 3834 296 3886 aiu
315 3831 424 3896 [υπορον.
805 3818 992 3886 lerend03unu
1006 3819 1264 3887 veroinThaidem,
1282 3834 1313 3876 ut

294 3907 360 3979 ⁸7⁵·
388 3906 542 3976 decipioque.
565 3901 611 3957 Br.
634 3921 688 3974 qiua
712 3919 763 3971 pro
804 3901 899 3954 volunt
910 3900 1313 3972 interpretesgsllici,etanglns

241 4011 295 4065 que.
314 3984 450 4042 DuoPall.
466 3983 630 4038 noubabeut
644 4001 696 4054 que.
709 3979 763 4036 sed
805 3977 902 4034 editor.
930 3981 1035 4052 Nempe
1056 3998 1148 4052 supra,
1175 3999 1201 4035 v.
1232 3983 1309 4052 871.
