3014 4872
574 422 815 491 PERLETL
1157 453 1226 502 mn

159 556 263 627 Gabr.
284 556 401 625 Faerni
419 555 607 624 Editionem
626 553 744 624 deinde
760 558 883 624 Pareus
898 557 1099 650 sequebatur
1112 562 1174 650 ita,
1188 581 1227 633 ut

158 663 202 732 ab
218 687 257 732 ea
272 665 445 732 minimum
458 661 626 730 discedere
639 661 700 730 sibi
716 661 785 730 fere
799 660 935 732 duceret
952 663 1110 759 religioni.
1126 673 1225 742 Bent-

158 769 241 840 leius
259 771 295 838 in
316 793 378 838 usu
400 767 546 836 habebat
563 767 781 862 Anglicanos‚
797 769 926 864 Regios
948 792 987 837 ao
1009 775 1223 846 veterrimum

157 876 324 953 codicem,
338 895 437 970 quem
452 875 593 944 estimat
604 897 680 968 900
696 875 870 943 annorum.
881 877 1035 946 Muretus
1049 879 1137 948 inter
1147 907 1224 952 suos

158 985 284 1052 Msstos
302 984 470 1050 Venetam
486 981 628 1050 maxime
645 979 766 1049 laudat.
787 982 947 1051 Veruma
965 985 1070 1054 Pareo
1088 986 1226 1057 Palatini

158 1090 306 1157 numeris
327 1111 421 1174 ω,
441 1085 485 1174 3,
504 1091 549 1176 d,
574 1083 618 1173 5,
636 1086 755 1182 singuli
776 1103 1001 1176 recensentur,
1014 1111 1156 1184 quorum
1179 1093 1226 1164 le-

158 1195 285 1264 ctiones
303 1219 371 1262 non
385 1219 517 1289 semper
525 1195 659 1288 optimae
676 1207 764 1262 notae
776 1209 950 1288 apparent.
971 1197 1031 1266 llis
1046 1211 1157 1267 tamen
1175 1201 1226 1268 vi-

159 1299 257 1370 liores
277 1299 420 1388 offendi,
436 1323 519 1394 quas
540 1299 627 1368 idem
649 1302 684 1369 in
710 1301 860 1394 margine
887 1299 1050 1372 Editionis
1076 1329 1143 1374 sum
1163 1330 1226 1400 pro

158 1409 258 1476 variis
270 1407 425 1502 apposuit
442 1430 461 1474 e
478 1406 775 1476 codieeParisiensi
793 1405 993 1502 desumptas.
1012 1410 1117 1502 Cujus
1136 1415 1225 1482 enim

159 1513 281 1583 codicis
298 1515 465 1582 variantes
485 1511 643 1584 lectiones
657 1536 744 1606 soepe
765 1536 834 1581 non
856 1512 960 1609 pluris
981 1539 1081 1609 quam
1110 1516 1227 1612 glossae

159 1621 339 1689 existimari
359 1633 538 1689 merentur.
565 1617 687 1708 Quoad
708 1632 894 1690 ceterorum
920 1619 1090 1710 lectiones,
1124 1623 1227 1694 modo

159 1727 264 1820 magis
284 1725 494 1820 placuerunt,
514 1725 616 1795 modo
628 1727 748 1794 minus.

212 1834 321 1901 Venio
343 1857 433 1902 nuno
461 1831 503 1902 ad
522 1831 698 1903 Gothanos
719 1830 848 1902 codices
862 1833 962 1902 ambo
978 1834 1164 1930 explicitius
1177 1838 1227 1906 in*

159 1937 327 2008 dicandos.
348 1937 584 2008 Membraneus
606 1937 739 2007 videtur
759 1941 925 2033 antiquior
948 1965 1018 2010 esse
1037 1943 1225 2014 chartaceo.

160 2044 310 2139 Scriptus
324 2059 373 2113 est
384 2045 550 2115 continuis
559 2044 668 2132 lineis,
682 2069 745 2114 nee
758 2045 910 2114 versibus
919 2044 1101 2117 distinctus.
1117 2050 1227 2120 Habet

159 2149 292 2220 notulas
307 2152 429 2246 partim
442 2151 476 2219 in
491 2151 640 2246 margine
653 2151 819 2245 appositas
829 2204 839 2239 ‚
849 2152 970 2245 partim
988 2152 1225 2226 interlineares.
1245 2206 1248 2218 .

158 2257 287 2325 Verum
302 2257 422 2326 accidit
439 2257 532 2326 haud
547 2281 643 2340 raro,
657 2271 697 2325 ut
707 2255 798 2350 quod
814 2258 848 2325 in
858 2259 1008 2352 margine
1021 2262 1064 2328 sit
1077 2259 1225 2355 adscrip-

158 2375 249 2450 tum,
270 2363 304 2430 in
321 2362 460 2432 dubium
480 2365 611 2451 veniat,
631 2377 744 2432 utrum
768 2387 831 2457 pro
854 2379 949 2458 parte
969 2379 1143 2435 contextus
1165 2367 1225 2436 ha·
1324 2421 1329 2426 -

158 2467 288 2556 beatur,
302 2493 346 2537 an
359 2495 421 2565 pro
437 2468 554 2565 glossa.
574 2472 730 2538 Ceterum
749 2493 823 2563 quta
834 2494 896 2539 nos
910 2485 1049 2564 puncta,
1063 2473 1110 2542 sio
1123 2472 1227 2570 diota,

159 2598 283 2668 ponere
306 2575 469 2660 solemus,
489 2575 552 2646 illae
569 2573 707 2670 virgulae
727 2590 821 2661 sunt,
840 2591 878 2644 ut
891 2578 933 2646 sit
951 2602 978 2647 e.
994 2602 1021 2646 c.
1043 2580 1223 2673 incipiam,

159 2681 248 2774 quod
267 2681 355 2751 idem
372 2683 472 2752 hodie
493 2683 785 2776 representamus,
804 2687 974 2778 megaeram.
989 2686 1115 2753 Contra
1129 2685 1226 2756 char·

159 2800 272 2858 tanain
288 2776 412 2883 puncta
429 2788 582 2872 exhibet,
597 2790 646 2858 uti
660 2787 734 2858 libri
746 2802 921 2859 nostrates.
936 2789 1114 2890 Chartaeei
1131 2792 1227 2861 cndi-

160 2894 223 2980 cis,
243 2897 393 2987 quamvis
413 2895 620 2983 recentioris,
637 2896 800 2990 scriptura
824 2910 943 2965 tamen
955 2895 1123 2990 aliquanto
1139 2897 1225 2967 diffi-

160 2997 257 3069 cilior*
271 3015 323 3070 est
345 2999 544 3097 legentibus;
567 3000 611 3070 ad
631 3002 696 3070 hoc
715 3003 799 3071 mira
819 3002 1072 3097 orthographia,
1098 3017 1136 3071 ut
1151 3005 1227 3074 tte·

159 3111 266 3176 rencit'
280 3132 343 3202 pro
364 3111 521 3177 Terentii.
535 3108 680 3176 Nomina
695 3132 912 3202 personarum
930 3127 1023 3196 sunt,
1037 3123 1075 3178 ut
1090 3134 1163 3178 mos
1175 3126 1227 3180 est

160 3212 258 3280 etiam
279 3212 438 3303 aliorum,
456 3214 559 3283 minio
577 3228 712 3282 exarata
728 3213 781 3282 vel
803 3216 899 3307 picta.
920 3215 1147 3309 Legunturad
1159 3215 1225 3286 cal·

161 3342 234 3386 cem
254 3318 326 3388 liaec
341 3345 349 3388 ε
362 3323 477 3416 fhiioit
507 3309 702 3413 (librarius)
717 3321 877 3408 ¹feliciter
896 3323 1060 3392 therencia'
1078 3347 1164 3392 com.
1189 3329 1226 3392 in

160 3425 288 3519 oppido
302 3427 487 3521 eslingensi
496 3425 560 3496 sub
578 3449 673 3496 anno
691 3427 748 3496 dm
766 3419 941 3518 (domini)
959 3429 1122 3496 ntilestino
1140 3453 1227 3523 qna·

160 3530 421 3626 drmgentesimo
444 3538 695 3630 septuagesimo
718 3558 739 3634 ‚²
756 3533 826 3603 da.-
842 3535 922 3604 Haeo
939 3532 1085 3602 conditio
1104 3535 1226 3605 codicis

160 3635 282 3706 horum
300 3641 472 3734 utriusque
492 3641 644 3709 exterior.
658 3640 772 3728 Quum
794 3653 922 3708 tentum
947 3663 1063 3708 eorum
1076 3640 1225 3710 conside·

160 3766 301 3831 cassem,
314 3742 361 3814 nil
373 3744 435 3815 nisi
449 3747 484 3815 in
498 3745 612 3840 paucis
625 3769 703 3815 eum
719 3769 739 3814 a
757 3745 1061 3839 Bentleianoatque
1076 3745 1152 3834 illo,
1168 3749 1226 3840 qui

160 3851 289 3920 Brunsii
319 3851 442 3921 codicis
462 3867 512 3922 est
537 3851 706 3938 italensis,
739 3851 929 3947 discrepare
951 3868 1106 3947 expertus
1137 3878 1224 3922 sum.

159 3956 258 4025 Unde
271 3955 366 4026 facile
386 3959 448 4028 erit
469 3959 647 4054 suspicari,
662 3958 723 4030 hos
741 3982 857 4030 omnes
873 3957 978 4030 libros
996 3983 1038 4030 ex
1052 3984 1119 4032 uno
1135 3957 1227 4030 sonte

160 4060 324 4133 derivatos
341 4088 500 4136 manasse.
522 4136 525 4144 ,
