2928 4856
281 395 350 466 188
491 397 677 466 PUBLll
705 397 966 467 TERENTll
993 397 1118 464 AFRI

276 531 337 597 Pa.
353 531 396 597 At
413 542 444 595 te
457 530 501 597 Di
515 527 670 624 perdant!
688 531 827 620 G.Quid
843 529 921 598 itte?
934 531 1065 618 Quaeso.
1075 527 1345 597 Tunpemitus.

277 635 357 703 Risu
375 659 509 718 omnes,
527 639 582 728 qui
602 635 755 724 aderant,
775 637 930 706 emoriri:
943 634 1086 729 denique¹

277 741 473 810 Metuebant
488 765 602 811 omnes
616 743 686 838 jam
707 769 770 811 me.
790 745 832 827 G.
852 733 930 811 Noti
948 742 1078 834 injuria.

275 849 364 916 Tua.
383 847 448 917 Sed
466 847 548 917 heus
567 863 621 936 tu,
640 848 780 944 purgon'
799 873 861 944 ego
884 873 937 918 me
959 847 1000 916 de
1022 849 1104 916 istac
1122 845 1262 933 Thaidi,

277 954 378 1040 Quod
393 977 464 1022 eam
484 979 537 1023 me
554 979 665 1024 amare
685 957 849 1049 suspicata
867 953 914 1024 ’st
933 956 975 1023 G.
991 951 1047 1022 Nil
1063 955 1181 1022 minus.
1307 977 1347 1022 us

276 1061 385 1128 Immo
405 1085 488 1156 auge
504 1063 608 1155 magis
627 1063 854 1158 suspicionem.
869 1063 959 1129 Tun.
983 1057 1078 1129 Cur?
1106 1061 1149 1128 G.
1164 1059 1350 1153 Rogas....?

279 1164 387 1234 Sciat?
405 1169 438 1234 si
453 1167 586 1261 quando
605 1167 659 1237 illa
677 1169 876 1237 mentionem
895 1163 1052 1235 Phaedriae

280 1273 388 1357 Facit,
409 1287 467 1340 aut
483 1275 509 1342 si
529 1272 658 1360 laudat,
672 1289 706 1343 te
727 1289 765 1342 ut
786 1272 870 1341 male
886 1288 990 1341 urat..
1008 1321 1017 1336 .
1032 1274 1121 1342 Tua.
1138 1272 1264 1340 Sentio.

281 1380 325 1446 G.
343 1376 384 1446 Id
403 1393 440 1446 ut
460 1404 500 1447 ne
522 1379 596 1466 fiat,
612 1380 684 1448 haec
703 1405 755 1448 res
774 1379 843 1449 sola
856 1377 896 1448 'st
916 1378 1077 1446 remedio:

278 1484 346 1552 Ubi
364 1483 549 1554 nominabit
564 1485 766 1572 Phaedriam,
782 1501 819 1555 tu
838 1482 1043 1578 Pamphilam

281 1591 468 1677 Continuo;
485 1592 661 1685 siquando
679 1591 733 1660 illa
752 1592 858 1677 dicet;
879 1590 1092 1660 «Phaedriam

285 1725 301 1758 u
315 1697 578 1766 intromittamus
594 1700 839 1768 commissatum
852 1727 884 1784 u,
898 1711 952 1782 tu,
971 1727 988 1760 u
999 1695 1206 1790 Pamphilam

326 1907 392 1970 431.
413 1907 447 1958 Te
463 1907 641 1980 Gnathonem.
655 1905 719 1960 llec
731 1907 796 1960 Par·
879 1907 943 1969 438.
967 1906 1037 1958 Uret.
1062 1904 1173 1974 Proprie
1192 1901 1297 1956 dictum
1316 1899 1351 1954 de

285 2005 382 2051 meno,
393 1985 501 2057 indigne
517 1988 604 2040 lenens
619 2000 718 2040 tanturn
729 1986 795 2040 adu·
837 1984 945 2038 invidia.
956 2019 996 2027 —
1007 1984 1197 2038 Maleldisese.
1207 2015 1247 2024 -
1256 1979 1349 2035 Sestio.

285 2068 430 2133 lationem3
444 2081 577 2138 utsupra,
592 2069 657 2130 418.
671 2097 711 2106 -
727 2067 796 2136 Quid
838 2065 959 2135 Intelligo
974 2063 1040 2136 quid
1057 2061 1144 2116 dicere
1159 2063 1233 2115 velis.
1250 2061 1285 2113 Et
1297 2061 1350 2114 bac

287 2147 343 2210 ille,
360 2144 424 2199 vide
439 2165 518 2218 supra
534 2153 600 2217 417.
612 2176 653 2187 —
668 2147 795 2208 Perdices,
837 2163 903 2198 voce
923 2144 1094 2214 interrumpit
1107 2141 1297 2206 Gnathonem,
1319 2154 1351 2192 ut

286 2228 321 2280 ita
334 2226 509 2280 conturbatus
521 2239 592 2290 erat,
603 2239 633 2280 ut
641 2227 679 2279 nil
689 2245 797 2298 respon·
839 2223 939 2279 indicet
953 2243 981 2278 se
993 2222 1092 2276 dicenti
1103 2219 1249 2276 attendere.

286 2305 363 2359 derit.
882 2305 949 2373 439.
970 2304 1003 2356 Id
1015 2315 1042 2356 ut
1059 2323 1088 2354 ae
1097 2301 1156 2371 fiat.
1172 2300 1236 2354 Seil.
1251 2317 1286 2352 ne
1306 2299 1352 2352 fiat

329 2385 394 2448 432.
413 2385 528 2437 Emoriri.
541 2385 627 2439 Graes.
640 2389 721 2438 essuri.
730 2387 797 2440 We.
841 2397 871 2437 ut
883 2397 908 2436 te
921 2403 999 2438 urere
1008 2383 1072 2436 velit
1082 2379 1231 2434 Phedriam
1242 2376 1354 2432 laudan·

288 2495 328 2506 --
342 2463 466 2534 Denique,
482 2482 536 2516 uno
547 2467 638 2518 verbo.
712 2512 716 2520 ,
840 2461 886 2516 du·
900 2497 940 2506 -
951 2465 1030 2524 Haec,
1052 2481 1131 2534 quam
1142 2459 1238 2514 dicam.
1251 2491 1278 2503 -
1290 2458 1355 2510 Hoec

330 2543 396 2606 433.
417 2543 589 2614 Noniujuria,
604 2564 659 2598 non
673 2547 798 2598 sinecau·
842 2563 886 2596 ies.
909 2544 1006 2615 Incipit
1024 2543 1069 2595 bic
1090 2543 1172 2594 altera
1193 2557 1255 2610 pars
1272 2536 1353 2590 totius

289 2641 316 2675 sa
332 2634 359 2675 te
372 2623 532 2675 metuebant.
842 2626 990 2688 sententias,
999 2625 1074 2694 cujus
1082 2621 1155 2694 prior
1165 2633 1214 2682 est,
1221 2618 1251 2672 Sa·
1258 2616 1357 2689 quando

331 2702 397 2766 434.
405 2703 516 2772 Purgon'
525 2723 618 2772 egome.
627 2703 677 2756 Mt.
686 2703 800 2756 Market
843 2716 892 2756 etc.
908 2705 1001 2757 omissa
1013 2720 1078 2754 voce
1091 2704 1173 2753 sentio.

289 2783 347 2853 Bip.
358 2801 496 2852 plangemus.
509 2782 553 2835 Bt.
564 2802 666 2853 pergen.
682 2784 801 2835 -Heus
885 2787 949 2845 440.
969 2781 1117 2853 Nominabit.
1138 2779 1226 2831 Mark.
1247 2779 1356 2828 nomm-

293 2875 326 2914 tu.
337 2860 477 2924 Ehodum,
490 2859 533 2915 dic
542 2863 617 2915 mihi.
627 2895 666 2905 —
678 2865 800 2933 Purgone.
845 2866 911 2915 verit.
921 2895 961 2906 -
973 2865 1011 2914 Tu
1021 2861 1171 2931 Pampldlam
1185 2897 1193 2922 ‚
1210 2857 1269 2910 sub.
1280 2859 1359 2907 nomi·

291 2941 414 3011 Purgabo
424 2959 475 3004 ne,
488 2943 579 2994 Debeo
592 2962 681 2996 neme
695 2958 800 2995 excusa·
845 2943 921 2994 nabis.

292 3039 331 3073 re.
345 3052 386 3063 —
407 3021 448 3072 De
465 3024 541 3083 istae,
564 3021 637 3092 quud
660 3023 753 3076 attinet
769 3021 802 3074 nd
888 3015 1357 3084 441.Intromittamus,admittamus.

292 3101 422 3169 virginem
436 3098 472 3152 de
482 3119 534 3173 qua
547 3102 659 3154 multum
666 3103 755 3156 locuta
764 3115 804 3156 est
888 3107 954 3165 44²·
977 3100 1166 3155 Commissatum.
1181 3097 1250 3148 Vult
1269 3095 1359 3147 Guve·

293 3179 383 3234 Thais.
402 3181 597 3236 Prostruuntus
616 3195 703 3234 autem
718 3180 752 3234 ad
766 3182 802 3236 ri·
847 3201 914 3234 anus
924 3181 1082 3234 Terentium
1098 3176 1231 3248 scripsisse
1244 3193 1358 3226 waima·

294 3281 367 3326 xum,
379 3258 412 3313 de
428 3279 480 3332 qua
494 3260 564 3313 infra
579 3263 634 3314 615
646 3281 704 3333 sqq.
847 3274 933 3314 salum.
948 3259 1120 3333 singulariter
1136 3276 1185 3329 pro
1202 3254 1254 3310 hoe
1274 3255 1360 3306 verbo

336 3339 399 3405 435.
420 3340 549 3411 Suspicate
569 3342 608 3395 'st
627 3339 677 3394 Ed
693 3339 765 3394 Med.
779 3353 805 3394 et
847 3342 910 3414 legit
922 3340 1001 3394 Butb.
1015 3342 1086 3393 comis
1100 3349 1143 3390 est.
1156 3366 1196 3378 -
1212 3335 1359 3388 Commissa·

296 3421 384 3475 Guell'.
407 3420 434 3474 3.
457 3424 599 3491 suspicatur.
620 3454 660 3464 —
683 3423 748 3474 Eam
769 3441 805 3472 me
850 3416 1235 3493 tumepulatummtepnlatur.
1248 3415 1361 3468 Constat

296 3522 394 3565 amare,
419 3520 476 3554 eam
499 3501 555 3554 scil.
579 3501 710 3572 virginem
729 3521 743 3554 a
763 3520 805 3553 me
849 3505 1058 3555 commissnu'onem
1083 3498 1161 3550 luisse
1185 3493 1361 3565 compotatio·

296 3581 386 3634 amari.
402 3611 440 3621 -
454 3581 502 3634 Nil
513 3583 589 3634 minus
614 3582 701 3636 facere
711 3579 806 3647 debes,
849 3602 911 3636 nem
926 3595 952 3635 et
963 3579 1115 3634 amatorium
1124 3575 1257 3631 lasciviam
1268 3584 1296 3625 et
1308 3572 1361 3626 sal·

260 3672 264 3682 ’
297 3679 376 3732 quam
390 3673 415 3713 te
428 3679 548 3732 purgare·
850 3664 994 3725 tationem,
1016 3679 1075 3732 quse
1092 3670 1152 3731 post
1164 3673 1268 3710 scenam
1282 3651 1362 3705 lieret

340 3739 404 3803 436.
425 3740 498 3810 Auge
511 3743 596 3810 magis.
607 3741 742 3811 Antesign.
752 3741 808 3794 Ma·
851 3743 878 3796 in
888 3743 999 3797 multam
1008 3753 1120 3793 noctem.
1133 3737 1181 3790 Est
1188 3735 1259 3786 enim
1266 3738 1360 3802 Κῶμος

296 3823 337 3890 gis
349 3839 420 3888 auge.
431 3853 470 3861 —
485 3821 646 3891 Suspicionem
657 3819 777 3874 Thaidis.
851 3825 941 3887 saltus,
955 3835 981 3872 et
991 3823 1061 3872 Deus
1071 3830 1264 3870 nocturnorum
1276 3813 1362 3882 tripu·

341 3901 407 3969 437.
428 3897 506 3952 Scin'.
532 3901 660 3956 Absolute
687 3901 806 3964 dictum,
851 3903 957 3956 diorum
972 3896 1185 3972 preses.Cic.in
1201 3893 1358 3950 Catilinam,

300 3979 375 4048 quasi
386 3975 499 4048 diceret,
514 3983 680 4036 attendemihi.
699 3984 809 4036 blonen·
852 3984 894 4046 11,
920 3981 945 4035 5.
962 3979 1028 4032 Perl.
1045 4007 1083 4018 -
1108 3978 1147 4028 Tu
1165 3973 1269 4044 Pamph.
1288 3968 1360 4023 Edd.

301 4057 334 4107 tis
346 4069 391 4109 est.
853 4073 915 4114 vett.
936 4077 989 4114 nun
1006 4068 1147 4130 agnoscunt
1161 4066 1202 4118 tu,
1224 4065 1251 4104 θῑ
1265 4051 1324 4115 *llis
1338 4049 1361 4102 δῖ
