2968 4856
291 349 364 421 362
515 350 694 418 PUBLlI
722 353 973 420 TERENTll
993 353 1117 420 AFRI

288 484 350 552 lbo
374 483 508 552 obviam
527 482 623 572 hiuo3
643 482 773 570 dicam,
790 499 828 553 ut
848 499 1059 554 revertantur
1080 483 1229 554 domum.
1253 487 1355 556 Cur.

447 592 544 657 Hem.
933 669 941 684 ἱ
1318 616 1359 661 sa·

287 695 378 785 Quid
399 693 501 764 dixti?
521 697 602 765 Srn.
621 694 824 792 Ademptum
846 698 905 767 tibi
929 699 998 793 jam
1022 698 1098 767 faxo
1126 722 1261 768 ornnem
1284 723 1358 770 me·

445 817 534 888 tum,

218 905 225 912 ’
285 910 326 978 lu
346 934 461 978 aurem
479 910 638 982 utramvis
659 911 764 978 otiose
781 925 820 982 ut
836 910 990 982 dormias.

284 1017 382 1085 Curr.
398 1015 490 1104 Quid
509 1039 575 1110 ago
596 1013 708 1084 nunc?
727 1018 830 1089 Cura.
845 1005 964 1087 Tune?
983 1015 1084 1108 Quod
1102 1017 1216 1087 boni..
1234 1019 1352 1088 -Cun

444 1125 542 1217 Syre,
563 1121 617 1192 dic
634 1122 735 1191 modo

268 1246 271 1252 '
284 1231 421 1297 Verum.
437 1231 519 1299 Srn.
533 1230 606 1326 Age
622 1229 723 1298 modo
740 1230 854 1320 hodie,
870 1255 944 1300 sero
958 1254 998 1300 ac
1011 1231 1233 1326 nequicquam
1249 1229 1355 1301 voles.

284 1466 433 1538 loquendi,
445 1467 483 1519 ait
496 1466 626 1532 Bothius,
640 1467 731 1520 invitis
745 1486 794 1521 no·
838 1469 968 1540 quivero
987 1464 1252 1531 commodissime,ii
1270 1467 1357 1521 modo

284 1546 344 1599 stris
361 1547 486 1599 omnihus
502 1560 529 1600 et
544 1547 795 1618 Lindenlrrogiano,
837 1548 865 1600 in
877 1547 997 1602 dextram
1008 1586 1017 1613 ‚
1028 1545 1111 1600 modo
1121 1547 1151 1599 in
1163 1547 1298 1600 sinistram
1310 1549 1353 1600 in-

285 1624 795 1698 qui,istiasmodi,·quodcontemnentis,
838 1629 977 1681 cumbunt.
996 1628 1053 1680 Iao.
1076 1659 1116 1669 —
1138 1625 1288 1679 Menander
1310 1647 1355 1698 ap.

285 1703 404 1776 adeoque
429 1707 517 1758 verius
537 1707 589 1760 hoc
613 1707 683 1760 loco.
697 1707 796 1760 Verani
838 1707 1028 1773 Gellium,Il,
1045 1707 1089 1760 ²3.
1103 1695 1152 1760 ἐπ’
1168 1707 1310 1777 ἄμγοτέραν
1325 1706 1358 1759 ἶν’

180 1787 185 1794 ’
284 1785 411 1838 timebant
431 1786 542 1838 librarii.
556 1811 567 1833 ι
596 1787 657 1840 Par.
680 1806 722 1859 pr.
739 1806 794 1840 var.
839 1787 960 1849 iniustitiae
989 1785 1029 1848 sl,
1060 1788 1152 1858 pmcn
1180 1783 1355 1842 antioclienu-

283 1865 792 1936 iaeiusmodr'.Perl.-Hajusmodi.'l'ale,
838 1867 949 1920 Basilius
970 1867 1098 1936 Magnus,
1119 1867 1254 1937 replesti:
1275 1869 1355 1928 νέως,

284 1945 362 2015 quale
376 1943 457 2008 dicit,
470 1964 504 1999 sc.
517 1945 591 2017 quod
602 1947 636 2000 sit
651 1947 707 1998 eine
723 1946 795 2018 peri·
838 1937 886 2000 Ἐπ’
900 1948 973 2017 ἄμφω
986 1941 1139 2000 sustinet:
1156 1943 1260 1998 Eodem
1276 1964 1357 1998 sensu

286 2025 356 2078 culo.
379 2059 419 2068 -
434 2027 558 2080 Maxume.
573 2028 636 2080 Vox
654 2025 732 2078 valde
746 2045 795 2096 ap·
839 2025 904 2081 dicit
916 2027 1032 2080 Plinius:
1050 2052 1062 2073 ι
1073 2025 1148 2078 Nihil
1164 2037 1219 2087 est,
1233 2023 1310 2098 quod
1326 2027 1356 2078 in

284 2105 430 2175 probantis.
442 2104 559 2177 Adelph.
573 2097 645 2171 '6113
659 2119 686 2159 et
697 2106 794 2178 Hecyr.
838 2105 958 2175 dextram
973 2125 1079 2170 aurem,
1088 2103 1189 2160 fiducia
1211 2105 1278 2170 mei,
1288 2103 1356 2159 dor·

284 2183 351 2254 713.
839 2186 914 2239 miss.
927 2212 938 2233 ι
954 2186 1040 2239 Plant.
1052 2183 1174 2238 Pseudol.
1189 2185 1219 2249 1,
1232 2203 1259 2246 r,
1279 2204 1355 2249 rar,

324 2264 443 2328 dlono
453 2265 543 2318 obviam
552 2267 615 2318 Ιιίιιε.
624 2265 674 2319 tus.
683 2263 795 2336 quidam
839 2265 885 2318 ubi
899 2285 991 2318 servus
1002 2285 1010 2320 :
1021 2293 1032 2314 ι
1041 2267 1081 2318 De
1090 2265 1155 2318 istac
1163 2283 1193 2317 re
1203 2265 1233 2316 in
1242 2265 1355 2317 oculum

284 2357 310 2397 et
325 2343 390 2398 editi
409 2357 525 2411 veteres,
540 2347 562 2398 I.
579 2366 603 2397 o.
619 2347 672 2414 lis,
686 2345 795 2398 sortasse
838 2347 969 2398 utrumvis
976 2342 1353 2416 commanire-Adolescens

281 2425 394 2484 rectius,
408 2425 579 2481 utWesterh.
590 2437 674 2496 putat.
688 2427 795 2495 Appro-
838 2426 962 2496 corrigit:
979 2425 1110 2478 -ocutum
1123 2437 1229 2487 utrum,
1243 2443 1317 2476 anne
1326 2425 1355 2478 in

281 2503 336 2557 bat.
344 2504 427 2558 Bentl.
437 2503 484 2556 sed
494 2505 620 2576 proponit
628 2518 716 2558 tamen
726 2506 794 2571 huic,
836 2504 946 2558 aurem?
960 2531 971 2552 ι
989 2503 1140 2576 Respondet
1153 2522 1244 2556 servus
1261 2520 1269 2556 :
1290 2530 1303 2551 ι
1318 2506 1355 2555 At

280 2582 300 2635 i.
315 2602 337 2635 e.
348 2583 484 2638 Bacchidi.
497 2585 638 2639 Runhken.
647 2585 747 2638 laudat.
755 2617 794 2628 -
837 2585 890 2637 hoc
900 2585 1084 2655 pervulgatum
1095 2597 1133 2637 est
1141 2583 1239 2636 minus.
1249 2609 1261 2630 ι
1274 2583 1354 2636 Boot

283 2664 450 2718 murreum.
462 2665 583 2718 Verbum
593 2664 660 2718 illud
672 2666 793 2736 ineptum
879 2663 945 2726 343.
963 2664 1040 2733 Quod
1053 2663 1122 2715 horai·
1135 2698 1142 2711 ·
1155 2697 1181 2711 ··
1200 2663 1253 2716 Hic
1270 2663 1355 2716 inter·

285 2756 324 2796 eat
347 2745 483 2810 Bentleio,
503 2744 550 2814 qui
569 2745 677 2814 reponit
705 2746 793 2797 Rever-
836 2755 915 2815 rupta
940 2743 1033 2798 Clinia
1059 2744 1159 2806 oratio,
1181 2743 1355 2802 continuatur

282 2825 460 2878 tamn-Ibo
471 2824 573 2876 obviam
584 2825 794 2878 Mulieribus.-
837 2842 875 2876 vs.
891 2822 965 2885 345,
986 2823 1053 2886 347.
1072 2823 1223 2876 Absolrunt
1243 2836 1355 2876 senten-

280 2903 365 2964 Wnc,
392 2923 424 2955 ex
444 2903 497 2956 hoc
519 2904 579 2956 loco
599 2901 646 2957 ulai
667 2923 735 2958 aum.
753 2936 793 2946 -
836 2903 900 2956 tiam
914 2903 944 2955 Z.
957 2903 1038 2976 Valp.
1055 2904 1088 2972 Q.
1106 2902 1163 2954 loni
1173 2897 1358 2972 estd-Qua'd

280 2981 386 3046 Dicam,
411 2997 439 3036 ut
460 2995 609 3034 revertantur
629 2984 732 3038 domum.
755 2985 792 3036 Ut
836 3003 885 3053 ago
908 3001 979 3036 nunc.
1008 2980 1097 3048 «Quid
1118 2983 1205 3035 lacere
1228 2981 1350 3037 debeo.-

280 3074 354 3114 retro
370 3076 444 3128 eant,
458 3060 530 3114 unde
547 3063 683 3126 venerint,
697 3064 725 3116 iu
747 3083 792 3126 ur-
837 3063 940 3118 Dubius
953 3076 980 3115 et
994 3063 1064 3116 circa
1077 3063 1211 3134 pericula,
1235 3076 1262 3115 et
1281 3063 1356 3116 circa

279 3141 349 3194 bem.
358 3142 401 3195 Cf.
411 3161 490 3214 supra
500 3145 565 3206 248.
573 3143 637 3198 Hac
646 3163 694 3216 per
700 3146 792 3218 jocum
836 3144 958 3207 amicam,
968 3143 1063 3214 quaerit
1072 3141 1264 3196 consilium-
1270 3137 1356 3194 Tune?

278 3219 411 3276 dicuntur.
838 3223 914 3292 Quod
923 3221 987 3274 boni.
1002 3224 1104 3275 «Tune
1118 3222 1213 3292 petisa
1227 3241 1271 3276 me
1284 3221 1354 3293 quid

319 3303 384 3366 34¹·
409 3303 556 3372 Ademptrun
575 3303 648 3370 seeo.
673 3304 793 3367 Fecero,
834 3301 1029 3374 agendumtibi
1041 3300 1182 3366 sitiQuod
1194 3301 1260 3354 boni
1272 3299 1355 3354 datur

278 3401 329 3454 pro
354 3383 482 3454 simplici,
501 3383 615 3436 adunam.
637 3383 678 3437 cf.
699 3402 790 3455 supra,
835 3379 1251 3446 etofferturmodo,fruaredum
1261 3377 1350 3434 licet.-

280 3463 348 3532 337.
834 3463 874 3516 Ea
884 3463 962 3515 series
973 3461 1101 3514 orationis
1109 3475 1165 3524 est,
1177 3479 1257 3532 quarn
1267 3480 1353 3532 quum

318 3545 386 3605 illa.
414 3544 445 3596 ln
470 3563 551 3596 aarum
577 3545 710 3606 adramvis,
739 3554 788 3594 etc.
834 3541 973 3612 incepisset
993 3541 1080 3606 Clinia
1095 3533 1109 3605 ,ἶ
1124 3539 1312 3612 interpellatur
1338 3559 1353 3594 a

276 3621 405 3677 Proverb.
420 3621 454 3676 de
465 3623 498 3676 iis
516 3623 563 3694 qui
584 3623 653 3676 uilril
667 3633 790 3676 metuunt
833 3621 988 3694 Clitiphone
1008 3633 1035 3674 et
1049 3620 1134 3692 Syro,
1150 3639 1200 3673 nec
1222 3619 1274 3672 nisi
1288 3640 1353 3674 mox

278 3700 307 3752 in
325 3721 427 3756 summa
445 3704 595 3756 securitate.
618 3702 741 3756 Dormire
761 3701 790 3753 in
833 3720 910 3754 versu
927 3701 1086 3772 interjecto,
1100 3700 1221 3752 absolvit.
1235 3699 1294 3752 lav.
1312 3731 1354 3741 —·

277 3782 406 3836 utramvis
419 3801 510 3835 aurem
523 3797 579 3848 est,
592 3781 682 3836 animo
695 3800 789 3834 securo
832 3779 909 3854 Syre,
930 3781 970 3833 die
991 3779 1062 3832 modo
1082 3799 1164 3832 verm
1181 3799 1191 3831 :
1208 3780 1260 3832 Dic
1277 3799 1353 3833 nunc

276 3874 303 3912 et
313 3862 398 3914 otioso
409 3880 472 3914 csse.
483 3863 538 3928 Qui
552 3863 641 3916 miuus
649 3857 789 3916 commode
833 3880 894 3916 rere
907 3860 990 3926 mihi,
1000 3859 1066 3932 quid
1081 3861 1168 3914 facere
1182 3857 1278 3912 debeo.

277 3937 434 4004 dormiunt,
450 3941 483 3994 iis
498 3943 580 4014 vulgo
593 3940 748 4016 precipitur
760 3953 789 3994 ut
874 3940 938 4006 344.
952 3942 1010 4014 Age
1022 3941 1092 3994 ικοᾶο
1103 3939 1186 4004 lodie,
1199 3959 1252 3992 sero
1263 3959 1295 3992 ae
1308 3959 1352 3992 ae·

275 4017 405 4074 inaurem
418 4019 537 4076 dextram
550 4035 576 4076 et
589 4022 657 4076 latus
671 4022 787 4076 cubent:
832 4023 958 4094 quiequam
970 4021 1046 4076 voles.
1064 4018 1135 4074 Audi
1151 4039 1194 4074 me
1206 4015 1310 4086 modo,
1327 4033 1352 4071 et
