2986 4858
315 369 621 448 EUNU'CHUS.
651 379 759 447 ACT.
783 380 850 458 lv,
878 381 948 450 SC.
978 381 1067 450 VII.
1152 381 1228 480 237

158 517 199 582 At
216 509 267 582 ati
289 515 381 582 Tna-
404 513 495 582 Num
518 507 771 595 formidolosus,
794 510 934 588 obsecro
960 536 1013 598 es,
1039 514 1083 580 mi
1106 513 1231 586 homo?

316 619 381 688 Cu.
402 620 515 713 Apage
534 619 585 684 sis.
1191 644 1230 696 ⁷⁵⁵

157 723 263 820 Egon’
277 721 530 794 formidolosus?
542 724 651 792 Nemo
666 720 705 792 'st
718 723 974 818 hominum‚qui
988 727 1094 814 vivat,
1109 729 1226 798 minus.
1298 795 1301 812 ,

157 835 247 902 Tus.
267 835 375 926 Atque
396 833 441 899 ita
464 855 533 924 opu
550 828 600 898 'st.
619 831 763 898 Cultam.
786 825 877 898 Hau!
897 831 1015 898 Metuo
1036 831 1166 926 qualem
1190 850 1227 903 tu
1282 835 1284 842 '

78 1026 83 1035 Ι
318 962 372 1006 me
393 961 464 1006 esse
485 936 655 1005 hominem
676 936 863 1004 existumes.
1212 951 1215 958 ’

158 1047 246 1115 Tns.
266 1047 376 1112 Immo
393 1043 459 1112 hoc
477 1044 622 1136 cogitato
637 1067 644 1109 :
657 1039 791 1136 quieum
811 1066 863 1110 res
877 1040 936 1110 tibi
954 1057 1020 1130 est,
1035 1047 1229 1139 peregrinus

317 1164 386 1234 est,
815 1156 825 1182 ⁸

160 1258 272 1326 Minus
288 1271 406 1351 potens
421 1279 521 1350 quam
538 1269 589 1341 tu,
601 1255 709 1322 minus
723 1267 841 1342 notus,
851 1256 962 1322 minus
976 1258 1159 1326 amicorum
1175 1258 1230 1328 hic

231 1361 235 1368 ⁴
319 1362 454 1430 habens.

162 1570 269 1635 scilicet,
278 1570 422 1623 Parasitum
432 1569 674 1632 Gnathonem,Do·
718 1568 812 1638 placet.
826 1567 869 1620 Sic
881 1569 957 1621 Bent.
967 1569 1026 1641 Bip.
1035 1571 1115 1624 Both.
1128 1573 1160 1625 ln
1171 1573 1230 1626 eliis

163 1649 601 1723 nacem‚Syriscum‚Simalionem,
609 1648 674 1701 San·
718 1651 769 1700 Aa.
784 1679 824 1690 -
840 1649 917 1717 Quoi.
933 1660 1062 1702 tumeessr
1072 1658 1136 1703 lrom.
1146 1653 1230 1706 Zeun.

162 1749 230 1801 gam.
245 1731 366 1783 Donatus.
717 1728 818 1780 omittit
832 1747 888 1779 esse.
904 1757 946 1770 ·-
966 1731 1048 1802 Atque
1062 1736 1097 1782 ita
1111 1751 1170 1801 opas
1178 1745 1230 1796 est,

204 1811 270 1880 755.
283 1811 358 1863 Num.
366 1809 409 1863 sic
421 1809 465 1862 Fa.
480 1827 531 1881 pro
542 1829 590 1861 non
601 1809 673 1879 vulg.
718 1807 736 1860 i.
757 1824 782 1858 e.
802 1823 837 1858 ne
854 1807 889 1860 sis
904 1807 971 1860 talis.
985 1839 1025 1850 -
1037 1809 1122 1862 Metuo
1138 1813 1231 1882 qualem

163 1890 231 1943 Perl.
245 1922 285 1932 -
300 1887 591 1961 Atat.siessip.1>erl.
606 1889 622 1941 J
625 1907 674 1942 un·
719 1899 745 1938 to
760 1905 797 1936 me
809 1905 858 1937 esse
872 1887 960 1937 domin.
979 1899 1030 1940 ete.
1044 1889 1135 1942 Metuo
1150 1909 1230 1962 super

162 1969 200 2040 git
213 1971 312 2041 Vaipy,
325 1971 400 2022 Bent.
414 1971 493 2022 Both.
504 1981 576 2021 attat.
586 1997 627 2009 -
636 1968 676 2020 At
719 1965 778 2030 hoc,
790 1965 897 2028 scilicet,
909 1965 1014 2044 qualern
1026 1965 1060 2020 de
1071 1986 1114 2020 me
1124 1970 1231 2040 opinio-

163 2056 207 2100 at!
229 2050 280 2102 Hie
302 2050 449 2120 interjectio
469 2062 508 2102 est
528 2047 675 2101 conterriti.
718 2063 781 2097 nem
790 2043 935 2110 habeas3h.
948 2063 970 2097 e.
983 2063 1017 2098 ne
1028 2065 1071 2100 me
1081 2047 1168 2100 minus
1179 2050 1233 2102 ior·

165 2159 204 2169 -
217 2129 412 2188 Formidolosus,
432 2129 557 2180 activeet
574 2126 676 2198 passive
719 2137 773 2176 tem
787 2123 926 2177 existimes.

166 2208 295 2260 sumitur:
306 2207 406 2270 active,
427 2208 474 2278 qui
487 2205 633 2269 formidat,
648 2217 676 2257 nt
761 2203 826 2273 756.
843 2203 967 2274 Cogitato.
985 2203 1073 2257 Guelf.
1096 2211 1231 2278 2,cogiro.

167 2284 676 2358 hicetspudColumell,lib.VI,csp.
721 2315 761 2326 --
783 2283 868 2335 Immo.
888 2284 1066 2355 preterquam
1094 2286 1168 2357 quod
1194 2288 1231 2341 ita

170 2383 201 2419 s:
215 2366 295 2419 «Nec
319 2364 353 2418 ad
375 2364 545 2436 ingredienda
568 2364 677 2418 flumina
720 2381 788 2435 opus
807 2376 847 2416 est
870 2375 896 2416 te
915 2363 1010 2416 fortem
1030 2383 1092 2418 esse.
1115 2397 1154 2408 -
1176 2367 1232 2419 Hoc

167 2457 213 2498 sat
222 2457 318 2518 pontes
328 2445 504 2498 formidolosi.
516 2473 524 2491 ι
537 2445 675 2498 Tacitlib.
721 2446 841 2512 cogitato,
856 2441 929 2514 quod
943 2441 1045 2497 dictura
1056 2463 1123 2498 sum.
1131 2475 1171 2486 -
1182 2449 1235 2516 Qui

167 2527 191 2590 1,
200 2549 211 2568 ι
220 2524 241 2577 F
242 2524 431 2578 ormidoiosior
442 2524 558 2578 hostium
573 2525 674 2578 miles·
721 2542 773 2575 com
784 2563 792 2588 ‚
803 2541 854 2593 pro
866 2542 984 2595 quocun,
1004 2535 1030 2576 et
1041 2524 1170 2591 subaudi,
1183 2529 1232 2582 ille.
1256 2550 1260 2561 ·

165 2605 290 2670 Passim,
306 2606 352 2676 qui
373 2604 550 2668 formidatur;
568 2605 677 2669 Cicero,
721 2604 912 2672 -Perrgrinus
921 2614 964 2655 est.
973 2603 1058 2657 Locus
1068 2603 1102 2656 de
1111 2606 1234 2661 facultate

168 2686 278 2738 Tuscul.
293 2687 343 2750 IV,
372 2686 560 2740 «conservatio
580 2685 680 2739 stabilis
722 2695 748 2736 et
763 2681 920 2736 difficultate
942 2682 1063 2753 litigandi
1076 2685 1156 2738 etism
1169 2687 1232 2740 alibi

167 2763 261 2836 judicii
284 2765 312 2816 in
343 2764 384 2818 his
407 2765 564 2837 rebusque
589 2765 679 2818 sormi·
722 2761 794 2834 apud
803 2763 930 2815 Nostrum
941 2775 1074 2816 tractatur.
1083 2765 1231 2830 And.81r;

170 2843 270 2898 doloso
293 2843 426 2898 ridentur.
438 2871 450 2892 ·
468 2845 529 2898 aab.
546 2843 627 2915 Steph.
640 2876 678 2886 —
723 2843 1235 2915 sqq.Boecl.-Peregrinosflngebantlsos

172 2925 261 2994 Apage
279 2927 321 2976 sis.
338 2925 436 2994 Apage.
452 2924 569 2979 Recedas
585 2924 679 2996 procul
722 2923 819 2976 milites
827 2941 893 2993 quos
900 2922 1001 2993 populo
1008 2920 1167 2978 deridendos
1174 2945 1236 2995 pro·

172 3005 205 3056 ab
217 3004 265 3056 ista
274 3003 474 3071 vituperatione.
484 3035 523 3072 ··.··
535 3004 590 3066 Sis,
600 3007 680 3076 prosi
723 3001 960 3074 pinabsntComici
967 3015 1066 3072 poetae,
1075 3005 1168 3058 stultos
1175 3006 1235 3058 ilios

173 3081 382 3135 ois.1tadicitnr
391 3083 604 3149 videsis‚caoesis‚
616 3103 679 3157 pro,
723 3080 874 3154 quidemst
893 3079 1020 3134 ridiculos
1035 3082 1156 3138 homines
1173 3087 1234 3156 qui,

172 3163 239 3222 vide,
253 3182 318 3224 cave,
329 3165 351 3212 si
360 3164 415 3224 νίας
425 3163 521 3216 etitem
533 3177 572 3216 est
582 3161 616 3216 de
624 3163 682 3216 aliis
724 3181 807 3235 quum
815 3165 865 3214 snb
872 3161 1019 3214 Ptolemais
1028 3163 1068 3214 vel
1081 3163 1236 3227 Seleucidis.

172 3243 251 3315 hujus
265 3240 339 3294 modi
348 3242 446 3295 verbis.
726 3243 782 3307 vei,
800 3241 823 3294 si
838 3241 895 3294 Diis
906 3242 1006 3313 placet,
1019 3242 1069 3293 sub
1084 3243 1235 3296 Alexandro
1296 3289 1302 3298 .

214 3321 281 3392 756.
296 3322 390 3390 Egens.
404 3319 485 3374 Zeun.
496 3323 563 3392 Ego.
577 3353 617 3365 -·
629 3323 681 3376 Ne·
725 3323 783 3392 ipso
798 3318 929 3392 stipendia
943 3321 1107 3386 meruissent,
1117 3323 1238 3376 inventas

174 3421 220 3455 mo.
232 3401 282 3456 Ms.
297 3403 370 3472 Lips.
381 3419 449 3454 nemo
461 3402 538 3454 domo.
552 3433 592 3444 -
600 3401 683 3454 Horm'-
726 3401 754 3454 in
763 3403 835 3456 hetto
847 3399 950 3453 diritits
961 3417 1022 3453 cum
1034 3401 1238 3456 Atheniensibus

174 3501 238 3535 sum.
251 3482 338 3534 Mark.
352 3485 464 3534 omrrium.
482 3511 522 3522 --
538 3481 590 3552 Qui
600 3484 682 3546 virne,
726 3481 823 3534 scurris
838 3492 864 3533 et
874 3479 967 3532 scortis
978 3477 1161 3550 dilapidarent.
1171 3481 1236 3536 vid.

175 3566 260 3616 ninus.
275 3563 327 3616 Pro
337 3561 378 3614 his
389 3563 452 3614 Mss.
463 3559 573 3632 quidam
586 3561 685 3614 habent
727 3558 877 3614 doctissima
894 3570 921 3612 et
935 3559 1124 3630 elegantissima
1139 3563 1237 3615 Boetti-

175 3659 238 3694 enm
247 3640 314 3698 eod.
328 3641 407 3694 Tarr.
425 3653 451 3694 et
464 3639 574 3695 Mediol.
584 3645 626 3713 qui
636 3659 683 3692 me·
727 3642 784 3712 geri
793 3639 950 3692 dissertatio.
964 3639 1036 3691 Botis.

176 3735 230 3774 tant
244 3725 329 3776 missas.
344 3723 432 3776 West.
442 3751 481 3764 -
493 3723 576 3774 Minus
594 3721 685 3773 ferini·
770 3719 837 3791 759.
852 3719 934 3772 Minus
945 3722 1074 3770 amicorum
1089 3719 1127 3771 dic
1141 3721 1238 3776 liabens.

175 3800 299 3867 dolosus,
312 3819 463 3872 qnamego.
730 3801 784 3853 Alii
814 3802 941 3852 amicorum
971 3799 1009 3849 iiic
1039 3798 1126 3852 liabens
1155 3805 1240 3854 minio.
1355 3799 1358 3804 ’

218 3881 284 3952 757.
293 3881 369 3933 Han!
379 3881 479 3934 Omnes
485 3882 540 3934 iere
550 3881 597 3934 lib.
606 3879 686 3952 scrip.
732 3881 887 3942 -Potens,
901 3878 1057 3932 auctoritate
1069 3879 1158 3933 valens
1170 3879 1242 3952 spnd

177 3961 246 4016 inter
256 3979 323 4032 qum
332 3960 485 4026 Bembinns,
496 3981 551 4014 non
560 3961 630 4025 Hau,
641 3957 688 4014 sed
734 3961 814 4015 cives.
828 3988 867 4003 ·-·
881 3951 965 4010 Minus
984 3971 1069 4021 notus,
1084 3973 1194 4032 propter
1204 3959 1244 4018 ss-

178 4042 237 4104 Au,
259 4041 369 4107 hebent3
391 4039 463 4113 quod
487 4041 589 4096 Fserno
608 4041 691 4112 magis
735 4041 815 4093 milio
827 4036 1009 4110 splendorem.
