3026 4862
400 389 586 458 HEAUT.
612 391 722 459 ACT.
751 390 833 472 ΙΙΙ,
861 387 931 456 SC.
960 387 1032 453 ΙΙΙ.
1174 383 1244 482 391

189 520 283 588 Facis
299 517 383 588 adeo
403 519 537 615 indigne
555 521 705 614 injuriam
734 520 798 607 illi,
812 519 867 612 qui
895 543 962 588 non
989 517 1152 586 abstineas
1179 542 1248 588 rita-

347 647 437 694 num.
979 704 982 712 ¹
1212 653 1251 692 ses

188 731 276 799 Nam
298 731 387 800 istaec
406 731 539 826 quidem
560 731 762 802 contumelia
782 718 844 814 ἐις

190 837 365 906 Hominem
393 839 534 906 amicum
562 841 707 934 recipere
735 838 776 907 ad
805 853 861 924 te,
887 853 985 932 atque
1011 837 1081 929 ejus
1107 837 1247 905 amicam

346 944 531 1039 subigitare.

189 1046 252 1118 Vel
274 1049 346 1118 beri
368 1051 403 1118 in
423 1051 503 1120 vino
522 1075 621 1145 quam
642 1050 856 1120 immodestus
874 1044 977 1120 fuisti!
1001 1051 1245 1119 smaaetum.

345 1158 434 1226 ΕΗΒ.
456 1157 566 1244 Quam
589 1153 758 1232 molestus!

192 1262 238 1328 Ut
254 1259 424 1354 equidem,
442 1263 488 1332 ita
504 1287 560 1338 me
574 1263 619 1333 Di
638 1278 767 1349 ament,
782 1265 901 1350 metui,
921 1262 1000 1356 quid
1019 1261 1166 1331 futurum
1188 1259 1247 1329 de·

345 1368 446 1462 nique
467 1364 567 1439 esset!

187 1470 276 1542 Novi
297 1497 361 1568 ego
388 1477 567 1544 amantium
589 1478 736 1548 animum
761 1503 768 1542 ι
790 1474 967 1560 advertunt
989 1477 1151 1568 graviter,
1173 1496 1246 1566 quar

346 1604 414 1648 non
432 1605 575 1651 censeas.
1209 1601 1249 1653 ιιι»

186 1845 227 1857 -
245 1818 312 1870 Acta
327 1819 378 1872 licec
393 1841 429 1873 m
447 1823 594 1875 est-Perii!
615 1823 701 1892 Syrus
782 1824 847 1876 568.
874 1822 983 1874 levum.
997 1817 1077 1872 Lind.
1090 1821 1244 1880 neomuto,
1278 1811 1281 1822 ⁸

186 1899 464 1954 servuscreditsenern
474 1902 603 1955 invenisse
610 1901 695 1962 fllium
740 1921 773 1954 ex
788 1903 832 1954 Fa.
851 1931 891 1944 -
906 1901 1016 1952 Factum.
1034 1897 1116 1950 Addit
1132 1904 1166 1964 τῷ
1180 1899 1246 1964 fact.-

186 1990 275 2027 amare
293 1980 455 2032 meretricem
467 2018 475 2042 ‚
498 1999 556 2051 quas
568 1995 696 2034 recantes
739 1981 813 2033 verb.
823 1979 953 2033 estGuell.
964 1999 989 2031 s.
1010 1979 1051 2029 lta
1067 1975 1138 2029 Edit.
1148 1975 1244 2045 Deipb.

187 2053 340 2120 pernotum
366 2059 508 2112 celabatur.
531 2057 596 2112 Ideo
616 2059 695 2113 vehe-
739 2059 816 2112 -·-1n
824 2063 892 2124 uino
904 2060 931 2110 in
941 2055 1072 2110 coniivio
1075 2055 1244 2107 '-Factum.

186 2146 287 2185 menter
299 2137 402 2189 metuit
416 2140 497 2208 Euge.
743 2141 805 2192 Ιιι
819 2152 870 2204 est,
885 2156 979 2192 verum
995 2135 1061 2188 dicit
1078 2147 1153 2205 patei·
1166 2147 1245 2195 tuus,

228 2210 293 2265 565.
318 2213 438 2286 Gnyetns
458 2219 516 2270 uult
534 2231 695 2288 expunctum
739 2219 915 2289 oCiitipbo.·
904 2214 1248 2270 a'l'estnturethocconua

186 2287 254 2342 adeo
266 2295 376 2358 ι-ΙΙΙι·
393 2296 496 2350 cunta.
517 2327 558 2340 -
582 2299 646 2366 Qui,
667 2307 695 2351 tu
738 2297 850 2350 herilem
862 2295 971 2350 filium'
964 2313 1020 2366 ipsc
1035 2294 1131 2364 Syrus,
1147 2311 1202 2363 quo
1217 2310 1245 2344 se

185 2369 273 2436 qui.-
248 2333 576 2442 -Nonadstineamauum,
584 2377 695 2430 abillins
738 2377 854 2430 insinuet
881 2375 962 2446 magis
987 2375 1014 2426 in
1040 2373 1150 2444 gratiam
1177 2372 1245 2423 heri.

185 2448 276 2502 amica.
737 2455 901 2511 Fatum„-
917 2457 996 2524 Quam
1017 2453 1133 2506 nwkstus.
1157 2451 1244 2518 Quam

225 2527 290 2584 566.
304 2533 386 2587 Istaec.
402 2534 487 2586 Varie
504 2535 641 2605 scribtur¹
652 2542 694 2588 i'st-
737 2535 917 2606 importunus.

184 2607 244 2661 tac.
260 2611 305 2664 Br.
320 2616 439 2664 istm-
463 2615 534 2667 Istoc
551 2616 694 2666 metumedia
779 2615 845 2682 569.
875 2615 959 2666 Metui.
979 2613 1096 2682 Corripit
1118 2591 1242 2682 Guyetns

184 2694 223 2740 st.
235 2687 321 2761 Supra
331 2690 456 2762 quidem,
467 2712 507 2746 vs.
519 2691 692 2763 procedenti,
737 2698 909 2746 metuet-w-
926 2694 960 2746 tte
971 2695 1056 2744 nutui
1065 2692 1189 2756 Quantus
1199 2709 1243 2741 me

183 2769 272 2836 injuria
286 2767 402 2836 dixeram
418 2789 511 2824 ves-um
524 2770 622 2842 adjecit
638 2791 693 2824 σοιι-
726 2783 824 2828 ‚metus
845 2773 956 2826 incessit.
977 2771 1023 2824 Sic
1036 2770 1131 2838 Virgil.
1150 2769 1242 2839 Eclog.

185 2847 287 2899 amena
300 2861 363 2903 sunt.
374 2851 420 2904 Est
430 2853 501 2904 enim
515 2854 618 2922 injuria,
627 2869 692 2921 qun·
736 2851 818 2916 VIII,
836 2857 868 2914 dr
884 2870 891 2905 ε
911 2849 1054 2912 «vividi,
1071 2862 1102 2905 ut
1114 2850 1196 2920 perii,
1211 2861 1242 2912 ut

185 2925 223 2990 si,
236 2944 319 2996 quum
334 2930 460 2983 violentia
472 2933 502 2984 in
522 2949 619 3002 eorpus
634 2931 692 2984 elli-
724 2949 779 2984 ¹me
791 2932 874 2986 malus
885 2930 993 2984 abstulit
1000 2931 1089 2984 error!
1102 2955 1112 2976 ι
1124 2960 1163 2980 -.-
1175 2928 1245 2998 Quid

185 3004 262 3058 citur.
275 3007 423 3082 Contumelia
437 3028 511 3074 vero,
530 3030 614 3082 quum
624 3029 692 3081 pras-
730 3011 840 3076 ficturum
849 3011 948 3082 δειίςιιε
956 3023 1022 3064 eust.
1031 3009 1095 3074 Quo
1101 3009 1242 3074 abiretitu·

184 3095 226 3135 ter
246 3085 416 3139 violationem
443 3089 562 3159 corporis
584 3104 631 3143 est.
658 3091 693 3142 Et
736 3090 900 3144 modestiaet
911 3088 1177 3160 petulantia;scil.ne
1188 3089 1242 3147 ori·

183 3163 293 3218 violatio
315 3166 460 3236 opinionis,
485 3169 615 3239 submisere
636 3172 693 3240 ejus
735 3181 811 3222 retur
820 3169 953 3224 contentio
964 3183 990 3222 tc
1005 3169 1075 3222 inter
1086 3179 1112 3220 et
1121 3167 1243 3228 Cliniam.

185 3244 305 3297 amicam.
319 3245 446 3316 Engmplt.
729 3247 852 3308 -Adnotnt
874 3248 920 3300 bic
942 3249 1081 3318 ingeniose
1103 3245 1241 3298 Perletus:

228 3323 296 3394 567.
309 3326 430 3396 Recipere.
452 3326 543 3380 Guell.
560 3346 591 3392 1,
604 3332 689 3399 recipe.
738 3329 830 3380 ..Hanc
843 3347 891 3399 ego
903 3327 1013 3398 quidem
1024 3325 1172 3378 orationem
1182 3323 1243 3392 Syri

186 3402 371 3474 -Snbi'gitare
381 3405 425 3458 Sic
436 3425 488 3460 nos
498 3425 530 3458 ex
540 3405 620 3460 Lind.
630 3421 692 3477 post
734 3409 834 3478 magis,
855 3409 876 3460 ei
898 3425 946 3476 per
965 3404 1052 3459 Codd.
1071 3403 1173 3460 liceret,
1193 3422 1241 3473 pu-

184 3482 229 3537 lir.
241 3484 309 3537 Perl.
323 3485 401 3538 Botb.
415 3487 485 3538 Dant
494 3486 584 3539 caeteri
594 3487 691 3556 subegi·
735 3489 834 3542 suerint
848 3503 929 3558 quiam
936 3482 1093 3539 Chremetis·
1108 3482 1159 3534 Hic
1171 3483 1241 3537 enini

185 3573 243 3617 aare.
260 3595 299 3608 -
310 3566 436 3618 Hcsntnem
450 3570 565 3630 amicum,
580 3579 630 3620 etc
645 3567 692 3618 Fa·
734 3567 803 3620 nihii
816 3567 890 3618 timet
904 3563 938 3616 de
953 3564 1026 3627 filio,
1045 3563 1159 3626 inarime
1179 3581 1242 3614 veru

183 3654 255 3694 ctum
273 3643 341 3696 illud
356 3657 447 3698 contre
461 3648 506 3716 jus
521 3646 639 3716 hospitii.
651 3677 691 3690 -
735 3647 827 3718 Syrus.
839 3645 940 3715 Supra,
956 3641 1043 3697 553.-

184 3753 224 3764 -
233 3721 381 3793 Subiffi'tare.
393 3726 462 3777 Vult
472 3725 583 3796 intelligi
594 3726 691 3779 Boecle·
777 3722 1245 3796 570.Amantium.palmeriusemen·

183 3817 243 3865 rus,
258 3803 294 3854 cd
301 3816 403 3856 scortum
412 3805 517 3857 alludere
522 3825 532 3867 ,·
542 3817 568 3858 et
580 3803 690 3877 quidem
735 3805 781 3860 dat
789 3807 908 3866 amantis,
921 3801 1245 3875 etprobatBotb.-÷Ani·

183 3879 330 3949 pudentius
339 3902 420 3956 qnam
428 3886 565 3957 Eugrspb.
575 3886 623 3958 qui
633 3885 693 3938 vult
736 3905 807 3938 mum.
819 3883 907 3938 Guett.
919 3903 945 3946 a,
955 3886 1054 3934 animos.
1063 3913 1100 3924 --
1117 3881 1241 3934 Animum.

183 3958 230 4012 bio
248 3979 304 4016 esse
320 3965 513 4035 perlectionem
531 3967 615 4038 ipsam
633 3966 695 4020 libi·
735 3966 778 4020 Sc.
793 3965 907 4018 menime
917 3962 1060 4035 suspicioni
1068 3978 1242 4033 propensum.

186 4038 264 4095 dinis.
736 4075 776 4086 -
787 4044 923 4106 Advertuut
935 4063 1006 4114 grav.
1022 4062 1091 4116 que,
1104 4055 1152 4096 etc.
1167 4040 1244 4096 Acci·

1023 4137 1091 4230 25⁴
