2890 4866
226 415 444 487 DANIELIS
472 421 645 490 HEINSII
673 421 981 490 DISSERTATIO.
1077 443 1140 488 cnr

52 548 162 620 Alter
172 549 261 618 enim
275 550 395 618 vitium
411 551 539 621 Cratini
554 550 656 636 ridet3
671 549 755 620 alter
770 552 874 620 Naevii
887 552 1063 621 miseriam.
1076 553 1138 618 Ri-

49 655 214 726 diculum
239 670 351 726 autem
374 679 395 725 a
412 658 545 726 miseria
565 657 749 752 prudenter
768 656 961 728 Aristoteles
980 659 1135 752 sejungit.

53 767 165 832 Risus
180 764 359 832 enimcum
373 765 478 832 atroci
489 761 627 859 alicujus
641 762 731 834 malo
744 777 804 834 aut
816 763 1001 834 calamitate
1017 765 1043 833 si
1057 789 1138 834 con·

49 871 200 962 junctus
210 870 432 957 sit,immanis
447 869 486 939 lit
498 893 539 940 ac
552 871 723 940 barbarus.
733 869 796 939 Illa
807 884 918 940 autem
931 869 1028 965 plane
1042 886 1135 940 extra

56 979 174 1046 Novae
192 974 298 1072 legem
320 975 518 1046 Comoediae:

143 1138 206 1212 Qui
220 1138 371 1217 perjurum
386 1141 543 1198 convenire
559 1141 623 1199 vult
636 1140 798 1212 hominem,
812 1141 895 1199 mitto
910 1139 941 1200 in
951 1141 1118 1200 comitium:

142 1233 205 1308 Qui
221 1233 390 1296 mendacem
406 1247 435 1294 et
449 1237 626 1314 gloriosum,
642 1238 720 1316 apud
733 1237 877 1298 Cloacinae
887 1257 1010 1296 sacrum.

58 1399 104 1466 Et
126 1421 205 1492 quae
217 1397 337 1468 deinde
358 1413 551 1493 sequuntur.
571 1399 673 1490 Quod
689 1397 840 1494 profecto
853 1414 905 1468 est
923 1398 1086 1495 apulpito
1095 1400 1138 1469 ad

58 1501 251 1597 plaustrum
269 1504 387 1574 redire.
406 1509 513 1602 Legat
527 1518 646 1576 caetera
663 1509 720 1600 qui
740 1503 840 1575 volet.
862 1505 929 1576 Sed
947 1505 1035 1594 haec,
1048 1513 1089 1585 ὡς
1107 1511 1138 1574 ἐν

58 1609 250 1706 προθιωρίας
264 1613 362 1707 μέρει,
374 1611 483 1682 obiter
496 1613 562 1682 sint
579 1612 678 1682 dicta.
692 1615 809 1698 Nunc,
824 1613 947 1706 ingenii
962 1613 1137 1682 exercendi

61 1739 165 1786 causa
174 1717 339 1811 acjudicii
351 1718 394 1787 ad
407 1717 536 1814 singula
548 1733 722 1806 eamus,et
731 1733 910 1814 utrumque
923 1717 1024 1814 paulo
1038 1743 1139 1814 qnam

61 1821 215 1918 plerique
226 1826 413 1896 accuratius
427 1827 648 1921 inspiciamus.
664 1827 812 1896 Primum
829 1825 862 1893 in
872 1825 1047 1896 Comoedia
1058 1829 1138 1895 Tra-

63 1927 257 2024 goediaque,
270 1945 321 2001 est
335 1930 517 2026 dispositio.
529 1933 647 2026 Neque
662 1931 902 2016 dubitandum,
919 1934 1020 2026 quin,
1035 1957 1139 2027 quum

63 2034 259 2107 Aristoteles
276 2037 318 2107 de
335 2037 549 2134 dispositione
570 2037 721 2133 disputat
735 2035 938 2133 Tragoediae,
956 2038 1056 2107 etiam
1073 2042 1138 2108 Co·
1216 2043 1221 2064 ‘

66 2141 195 2212 moediae
210 2169 251 2213 ex
267 2144 306 2213 iis
320 2146 498 2215 convenire
516 2143 674 2240 pleraque
693 2145 949 2230 existimaverit,
971 2144 1034 2213 nisi
1048 2145 1139 2238 quod

65 2261 103 2315 ut
122 2251 284 2344 Tragicus
304 2250 469 2346 disponit,
490 2253 536 2321 ita
564 2252 722 2320 Comicus
743 2273 876 2345 quoque
890 2251 1026 2319 invenit.
1047 2249 1141 2319 Alter

67 2355 154 2422 enim
174 2357 295 2454 accipit
311 2357 353 2426 ab
370 2357 455 2427 aliis:
466 2356 549 2428 alter
562 2359 632 2454 ipse
648 2357 709 2428 sihi
720 2356 778 2426 dat
792 2355 884 2452 quod
897 2356 1141 2452 disponendum

67 2474 135 2549 est3
149 2465 214 2532 nisi
230 2464 313 2534 siah
332 2463 397 2534 alio
410 2463 562 2534 desumat
578 2455 828 2560 argumentum,
842 2476 932 2532 certe
947 2463 1036 2560 apud
1048 2465 1141 2534 Graa-

68 2591 132 2638 eos.
144 2571 235 2640 Nam
248 2571 360 2640 Latini
376 2568 517 2640 Fabulas
534 2571 747 2658 Graecorum,
765 2571 979 2664 dispositione
999 2568 1131 2665 aliquan

69 2673 174 2743 tulum
191 2677 389 2772 plerumque
401 2679 575 2747 immutata
593 2693 627 2748 et
646 2675 811 2772 personis,
828 2693 1070 2772 expresserunt.
1093 2681 1142 2747 Ut

69 2803 169 2872 quum
192 2808 213 2852 e
233 2784 410 2853 Menandri
428 2783 594 2853 Eunucho
614 2806 708 2854 suam
730 2783 844 2878 paucis
877 2785 1058 2853 immutatis
1075 2787 1142 2852 Te-

71 2889 193 2959 sentius
212 2891 384 2985 expressit.
400 2891 450 2959 Ea
461 2893 607 2977 ratione,
622 2904 663 2959 ut
677 2893 794 2959 Davus
805 2892 986 2977 Parmeno,
1002 2891 1141 2984 Chrysis

71 2992 185 3081 Thais,
204 2997 446 3078 Chaerestratus
468 2996 522 3066 hic
541 3011 628 3067 esset
643 2997 804 3066 Phaedria.
824 2995 979 3086 Plautus,
996 2999 1030 3066 in
1054 3001 1141 3066 Tra-

71 3099 293 3190 gicoComico
308 3104 568 3199 Amphitryone,
578 3128 672 3174 more
682 3104 901 3198 Tragicorum
915 3102 1074 3173 Fabulam
1089 3127 1144 3174 ac·

73 3209 155 3300 cepit
172 3224 206 3280 et
221 3209 407 3306 disposuit:
425 3211 483 3280 sed
501 3225 536 3280 et
551 3213 687 3281 nomina
703 3211 840 3280 retinuit
855 3233 896 3278 ex
915 3225 1028 3304 parte,
1050 3210 1142 3305 quod

74 3333 143 3381 non
155 3315 240 3386 solet
252 3318 287 3384 in
300 3317 473 3388 Comoedia
485 3333 494 3384 :
506 3341 548 3386 ex
559 3331 672 3414 parte,
685 3315 772 3414 fecit.
784 3316 884 3386 Unde
895 3341 972 3386 raro
981 3317 1145 3387 invenisse

73 3438 303 3513 argumentum
317 3426 478 3519 Tragicus
491 3426 594 3494 Poeta
611 3424 733 3494 dicitur
745 3413 857 3518 (quod
876 3437 935 3493 aut
951 3447 970 3491 e
983 3422 1143 3494 relatione

75 3522 209 3600 aliorum
228 3545 287 3600 aut
306 3532 492 3627 ascriptis,
513 3545 551 3600 ut
582 3530 731 3626 plerique
745 3555 786 3600 ex
803 3533 952 3600 Homero
969 3543 1027 3600 aut
1044 3529 1147 3626 Cyclo

76 3631 190 3726 Epico,
209 3631 417 3734 petebant):
443 3652 562 3708 contra
582 3652 693 3708 autem
712 3638 853 3707 Comici.
878 3635 1089 3727 Aristoteles,
1109 3641 1146 3706 τὸ
1188 3683 1189 3686 =

78 3725 110 3802 dl
124 3743 232 3832 μύθους
243 3753 351 3834 ποιεῖν,
366 3731 548 3840 Ἐπίχαρμος
561 3746 613 3814 καὶ
624 3745 738 3840 Φόρμις
749 3738 853 3839 ἦρξαν.
864 3745 916 3812 Ita
928 3765 1001 3813 eam
1016 3769 1145 3833 vocem,
1177 3799 1181 3808 .

79 3865 142 3913 non
160 3865 198 3920 ut
217 3851 371 3947 quidam,
386 3852 442 3922 hic
465 3851 604 3947 accipio.
625 3852 730 3930 Μῦθος
749 3851 859 3935 ertim,
876 3863 914 3920 ut
940 3849 1064 3946 ubique
1081 3851 1150 3921 fere

80 3949 260 4048 Aristoteli,
274 3983 344 4029 non
361 3959 477 4030 drama
490 3973 558 4047 est,
569 3959 627 4029 sed
643 3983 682 4029 ea
699 3959 805 4039 actio,
823 3979 922 4052 equa
937 3955 1054 4027 drama
1067 3982 1147 4026 con·

83 4059 272 4154 stituitur,al
293 4059 416 4161 πρᾶξις,
433 4073 454 4146 ,ἡ
475 4077 531 4148 τῆς
549 4063 762 4165 πραγματείας
785 4065 931 4145 σύστασις
948 4089 956 4132 ι
973 4064 1143 4159 quomodo
