2926 4858
267 429 315 474 cn
422 378 641 478 neminis
669 411 839 480 nmnsn
867 410 1176 479 mssnnmno.

264 536 446 607 abhorrere
465 554 576 619 notat,
598 542 764 610 retineret.
792 541 877 610 Nam
900 556 935 610 et
951 539 1034 610 κατὰ
1052 543 1105 610 τὸν
1123 544 1285 626 λεκτικὸν,
1301 561 1342 613 ut

263 645 380 713 Critici
393 643 593 740 loquuntur,
605 647 656 715 καὶ
675 649 729 716 τὸν
746 659 803 728 τῆς
818 641 954 726 διανοίας
971 649 1085 743 τρόπον
1101 649 1260 740 θυμελικὸς
1276 666 1340 734 est,

263 763 298 817 et
320 750 506 839 theatraliS,
527 778 595 823 non
623 758 799 844 πολιτικὸς,
817 779 925 850 neque
947 765 987 849 τῇ
1009 753 1091 823 κατὰ
1115 757 1170 828 τὴν
1193 755 1339 829 ἀλήθειαν

263 847 332 948 ἰδέᾳ
364 849 534 953 διαπρέπει.
566 863 682 954 Neque
704 863 864 956 pauciora
887 858 1032 950 addidit,
1050 861 1085 930 in
1106 861 1226 955 quibus
1253 862 1339 932 dum

262 962 420 1034 ridiculus
443 965 548 1035 videri
567 966 655 1054 vult,
680 966 819 1063 frigidus
846 993 884 1038 ac
913 966 1048 1036 odiosus
1076 967 1132 1052 fit,
1152 968 1243 1062 quod
1267 993 1338 1038 non

262 1085 430 1157 nostrum,
444 1071 502 1141 sed
516 1076 646 1142 Horatii
661 1073 825 1167 judicium
845 1089 912 1160 est,
926 1088 961 1144 et
972 1075 1115 1160 Donati;
1129 1099 1213 1168 quos
1232 1089 1339 1144 utros·

261 1201 325 1269 que
341 1191 505 1248 emunctae
518 1182 622 1268 naris,
637 1167 795 1275 utrosque
810 1183 1013 1252 Criticorum
1029 1182 1155 1275 primos
1172 1205 1234 1250 suo
1252 1195 1336 1250 tem·

261 1308 344 1377 porc
365 1283 482 1372 luisse,
501 1301 641 1356 constat.
662 1288 728 1357 Sed
749 1303 783 1358 et
803 1290 836 1357 in
851 1288 1011 1376 dicteriis,
1025 1286 1067 1356 de
1080 1312 1148 1381 quo
1162 1289 1231 1382 jam
1247 1287 1337 1357 dice·

141 1455 145 1460 .
261 1388 397 1477 bamus,
418 1392 465 1460 ita
486 1394 644 1462 Veterem
668 1394 875 1464 Comoediam
901 1395 1026 1464 amavit
1049 1393 1204 1478 Plautus,
1228 1406 1266 1462 ut
1294 1395 1336 1463 ad

202 1551 205 1562 ,
259 1519 332 1564 eam
351 1521 437 1592 saepe
452 1497 578 1587 flectat,
589 1514 623 1570 et
634 1501 724 1596 quod
741 1503 916 1600 proprium
931 1503 966 1569 in
981 1499 1035 1570 illa
1052 1514 1134 1589 erat,
1147 1502 1338 1593 ἐπωνύμως,

260 1617 296 1671 et
310 1626 466 1697 expresso
483 1608 635 1696 nomine,
653 1623 712 1678 aut
726 1607 1046 1692 circumscribendo,
1058 1633 1126 1677 non
1146 1621 1215 1675 tam
1231 1609 1336 1677 vitam

259 1708 453 1801 hominum,
475 1737 574 1806 quam
596 1714 767 1785 hominem
786 1717 996 1812 perstringat
1017 1716 1067 1784 Ut
1085 1714 1120 1783 in
1142 1712 1225 1783 illo:

358 1892 454 1951 Etiam
468 1894 637 1972 Epidicum,
647 1915 735 1974 quam
746 1915 800 1974 ego
810 1895 949 1956 Fabulam
959 1915 1040 1976 aeque
1051 1915 1085 1953 ac
1095 1915 1142 1953 me
1150 1895 1246 1974 ipsum
1259 1914 1336 1968 amo,

360 1989 477 2049 Nullam
491 2011 573 2070 acque
588 1993 695 2053 invitus
706 2007 821 2072 specto,
836 1994 861 2054 si
874 2013 938 2052 eam
953 1994 1013 2073 agit
1023 1992 1124 2054 Pellio.

261 2165 376 2235 Sedet
397 2167 621 2240 crudelissime
643 2171 808 2241 infelicem
827 2171 982 2241 Naevium
1000 2167 1108 2238 Milite
1129 2169 1279 2263 excepit:

359 2355 430 2409 Nam
445 2370 478 2410 os
492 2351 690 2412 columnatum
701 2359 797 2412 Poetae
810 2355 903 2412 inesse
917 2349 1018 2411 audivi
1029 2349 1171 2419 barbaro,

358 2449 412 2507 Cui
424 2447 486 2507 bini
500 2449 634 2509 custodes
647 2469 763 2528 semper
775 2451 843 2510 totis
855 2450 937 2509 horis
949 2446 1100 2508 accubant.

258 2625 401 2694 Videtur
422 2641 533 2697 autem
549 2621 660 2697 κώδιον
682 2631 856 2722 Κρατίνου,
870 2644 904 2699 et
920 2653 994 2724 quae
1015 2627 1139 2722 reliqua
1161 2627 1196 2695 in
1215 2625 1335 2696 Veteri

259 2732 432 2802 Comoedia
453 2751 657 2822 occurrunt,
681 2741 737 2810 ὅση
760 2737 851 2816 κόνις.
875 2739 961 2804 Nam
981 2733 1023 2803 ad
1042 2733 1275 2828 Aristophanis
1295 2733 1335 2798 τὸ

257 2838 393 2908 εὔθοινον
408 2840 531 2911 frustra
545 2865 623 2911 sane
640 2839 829 2936 adspiravit.
836 2843 921 2932 Quis
935 2845 1025 2912 enim
1043 2842 1112 2910 risu
1126 2865 1195 2910 non
1209 2839 1332 2908 emori·

257 2959 330 3034 tur,
344 2970 449 3040 quum
464 2949 676 3018 vinositatem
696 2951 824 3018 Cratini
838 2951 967 3043 excepit
980 2946 1100 3018 Irene?

356 3139 393 3190 lli.
405 3139 435 3190 Ti
452 3132 482 3191 dl
495 3143 616 3210 Κρατῖνος
628 3143 640 3192 ὁ
653 3141 724 3210 σοφός
738 3142 821 3206 lenm
835 3139 882 3210 Tp.
895 3131 1038 3200 Ᾰπίοανον,

355 3223 400 3289 dt·
411 3235 433 3288 ol
448 3233 564 3303 Λάκωνος
580 3234 703 3291 tiedone.
714 3238 752 3290 tt.
765 3237 796 3290 ‘n
813 3235 915 3302 ποθοίη
930 3243 975 3309 tp.
988 3225 1027 3304 (l,
1037 3253 1080 3302 τις

355 3319 501 3403 ilpura'rrtc
514 3322 615 3404 (οὐγὰρ
629 3324 793 3403 dialique)

354 3419 418 3485 ἰδὼν
431 3431 501 3486 πίθον
513 3433 697 3503 καταγνύμενον
715 3431 777 3485 οἶνον
788 3433 871 3484 πλέον.

256 3579 297 3648 ld
313 3595 379 3650 est:

354 3747 385 3803 P.
400 3747 521 3824 Sapiens
538 3763 635 3808 autem
652 3749 787 3808 Cratinus
801 3746 871 3827 quid
887 3747 966 3827 agit?
980 3749 1033 3806 Tr.
1048 3744 1146 3817 Obiit,

355 3848 453 3917 Quum
466 3847 594 3905 Lacones
607 3847 665 3905 huc
681 3846 837 3904 irruerent.
851 3851 882 3904 P.
900 3850 967 3919 Quo
980 3843 1102 3903 morbo?
1114 3847 1169 3905 Ta.
1180 3847 1269 3919 Quo?

355 3940 463 3999 Misere
477 3943 586 4021 pallere
600 3944 688 4024 coepit
702 3943 795 4022 (ferre
807 3942 885 4002 enim
896 3943 953 4002 hoc
966 3963 1027 4001 non
1038 3941 1154 4022 potuit)

351 4038 456 4115 Frangi
471 4057 561 4115 quum
580 4039 693 4100 videret
708 4041 775 4099 vino
786 4040 904 4119 plenum
915 4039 1036 4098 dolium.
