2996 4852
254 499 259 510 ,
364 419 666 492 uuuucnus.
695 425 801 493 scr.
827 425 871 510 v,
893 406 960 492 s'c.
989 425 1031 491 x.
1155 449 1227 522 297

163 557 305 624 Gusru.
321 553 432 623 Dixin’
446 579 510 650 ego
527 556 561 622 in
577 555 643 624 hoc
657 561 729 624 es'se
744 555 840 624 vohis
854 555 998 625 Atticum
1015 553 1233 650 elegantiam?

165 663 282 732 Puun.
312 659 404 731 Nihil
431 663 688 756 pretermissum
715 676 774 732 est.
804 663 856 730 Ite
873 661 947 732 huc.
970 663 1041 733 Vos
1063 661 1171 732 valete
1198 679 1260 764 et,

322 765 476 862 Plaudite.
1182 794 1231 845 ¹⁰93

165 971 234 1008 sum.
259 981 298 994 -
326 955 456 1026 Nunquam
477 955 593 1028 iuquam,
623 974 675 1027 pro
717 971 982 1008 nrorrusnscrusur.
996 953 1232 1027 Dehisridequld

169 1051 213 1085 tou
222 1051 335 1106 usquam,
349 1033 369 1086 i.
382 1053 406 1088 e.
420 1053 544 1106 nusquam.
717 1033 933 1088 adnotaverimus
941 1073 950 1100 ,
958 1033 993 1087 ud
1006 1033 1116 1096 Andria
1127 1053 1233 1088 versum

209 1113 673 1183 scpulslroeesseoolmhlsldsrk.
720 1115 775 1184 98²
795 1126 823 1168 et
837 1115 979 1179 ultimum
994 1114 1075 1184 hujus
1089 1115 1232 1168 voluminis

169 1203 194 1244 et
214 1193 372 1265 interpretes
390 1194 485 1248 Gnllici
509 1195 576 1246 uobis
592 1198 618 1248 iu
632 1195 676 1248 loo
718 1212 777 1266 pag.
794 1194 984 1250 sau-Nutu
990 1197 1174 1264 pretermissum
1188 1207 1232 1250 est.

169 1291 221 1326 esse.
234 1271 287 1326 Sed
299 1271 361 1326 vide
375 1274 535 1346 inlrn.Velp.
548 1278 676 1329 inesse-
719 1275 840 1328 Incertus
853 1287 891 1326 est
904 1273 949 1326 hic
963 1275 1082 1326 Donatus
1096 1273 1233 1346 quomodo

170 1352 334 1422 Ehgoutt'trm.
348 1354 387 1406 Ex
400 1354 438 1407 eis
452 1371 519 1425 quos
534 1354 677 1420 hebemus,
719 1353 917 1424 interpretetur.
948 1353 1116 1425 Engnphius
1143 1365 1232 1407 sutem

168 1432 299 1504 Autesigu.
313 1434 397 1487 Zeun.
410 1435 584 1507 eloquentiam,
602 1429 676 1506 quod
719 1433 776 1486 htec
802 1445 893 1486 notut:
907 1458 918 1481 ι
933 1433 1029 1486 Omnis
1047 1451 1108 1504 quse
1127 1431 1233 1499 dixisti,

169 1523 293 1581 pretores
313 1524 397 1566 exstet
414 1513 442 1566 iu
463 1515 559 1566 Donet.
578 1513 622 1566 Br.
636 1546 677 1556 -
719 1512 871 1566 invenimus
885 1512 912 1564 in
929 1512 1022 1565 milite.
1035 1539 1046 1561 ι
1066 1513 1156 1566 Vertit
1176 1514 1230 1566 Du·

170 1591 676 1662 Diriu'egoiulsocesseuobu‚etc.lloc
719 1591 815 1646 tierin:
840 1593 924 1644 «Ilien
938 1593 983 1664 ufr
1006 1611 1116 1664 morsque,
1131 1617 1143 1638 ι
1170 1611 1232 1646 curn

169 1683 268 1724 servato
281 1669 389 1738 ordine,
399 1671 467 1726 dure
478 1670 622 1726 admodum
635 1691 677 1725 re·
720 1685 783 1726 nota
801 1670 906 1725 additu:
922 1694 933 1715 ι
944 1670 1066 1726 Phudria
1083 1683 1147 1726 veut
1161 1670 1235 1738 dire,

168 1748 274 1803 stitues:
287 1750 397 1804 ¹Dixiu’
405 1753 480 1806 vohis
489 1753 517 1804 in
528 1751 580 1806 hoc
593 1770 673 1805 esse.»
720 1752 740 1806 il
753 1771 789 1804 ne
802 1770 917 1822 munque
930 1751 989 1804 rien
1008 1769 1042 1804 eu
1056 1751 1169 1823 portrsit
1181 1769 1233 1823 qne

169 1829 263 1894 Quem¹
278 1829 385 1902 quidem
406 1832 578 1904 posteriorem
600 1829 679 1884 ordi·
721 1844 751 1884 tu
767 1849 834 1884 nous
849 1849 877 1882 us
891 1831 938 1883 luit
956 1827 990 1882 de
1005 1830 1057 1895 lui;
1074 1849 1144 1884 nous
1159 1844 1234 1884 trou-

170 1927 233 1962 nem
253 1908 398 1965 admittunt
416 1913 522 1983 plures,
543 1929 610 1983 quos
622 1913 678 1981 jam
722 1929 789 1963 rous
799 1929 832 1962 en
849 1909 889 1962 lui
902 1921 959 1962 tout
973 1927 1003 1962 ce
1017 1929 1069 1980 que
1081 1922 1109 1962 tu
1122 1929 1189 1962 nous
1200 1929 1234 1962 en

168 1986 294 2043 diximus.
305 1991 334 2043 Si
347 2009 411 2044 vero
425 1989 541 2062 genuine
561 1991 594 2044 sit
625 1991 678 2043 Te·
722 2009 749 2042 ss
762 1988 811 2064 dit.
823 2015 834 2036 ι
847 1989 965 2040 Perletru.
981 2021 1020 2031 —
1034 1989 1070 2040 Ite
1083 1989 1145 2054 lune,
1160 2006 1234 2042 com·

168 2069 248 2121 rentii
275 2069 375 2132 lectio,
403 2071 492 2122 Disin'
514 2089 559 2140 ego
583 2073 609 2120 in
636 2070 680 2120 lsoe
721 2081 863 2122 messurum
872 2066 1089 2140 epudThuidetu.
1099 2067 1236 2133 thdriu,

169 2167 218 2198 esse
244 2147 327 2212 νοόἱι,
353 2165 418 2214 ete,
438 2149 533 2202 melius
552 2149 602 2201 erit
625 2147 680 2201 lor·
722 2148 832 2201 Parasiti
852 2147 1015 2220 argumentis
1035 2145 1172 2212 devictus,
1186 2167 1233 2200 ve·

170 2239 237 2280 tasse
249 2229 276 2282 τὸ
293 2227 358 2280 volu
371 2228 445 2300 quusi
458 2226 491 2281 nd
503 2229 621 2299 leporem
635 2246 681 2299 po-
721 2228 794 2280 nium
815 2225 948 2280 Thrasoni
970 2227 1098 2282 concessit
1119 2225 1235 2280 adeundi

170 2307 250 2360 situm
270 2307 433 2372 existimare,
453 2321 484 2361 ut
506 2307 534 2360 in
551 2307 604 2360 hoc
624 2307 680 2360 llo·
723 2305 757 2360 ud
769 2305 914 2372 Thaidem,
928 2317 955 2359 et
970 2307 1050 2360 etium
1068 2326 1139 2361 nunc
1158 2307 1234 2377 jubet

172 2386 293 2440 retiano:
309 2389 383 2458 :Qui
400 2399 504 2441 metuens
520 2391 597 2452 uiuit,
620 2387 681 2440 liber
723 2407 787 2440 eum
801 2386 921 2441 edilium
937 2386 1038 2440 intrare
1054 2405 1116 2440 cunr
1128 2387 1235 2442 Chaerea

169 2467 228 2519 milti
243 2471 348 2519 notuerit
367 2487 552 2540 uuquom.·-
569 2465 680 2520 Atticam
724 2480 753 2521 et
776 2467 927 2520 Gnathone.
949 2465 1085 2520 Incertum
1109 2479 1146 2519 est
1163 2466 1234 2538 apud

169 2548 321 2617 elegantium.
352 2547 458 2602 Scilicet
479 2549 601 2618 elegantia
620 2567 680 2600 mo·
722 2559 1020 2612 commentatores,uum
1034 2545 1234 2618 intelligendum

169 2645 229 2679 rum
241 2639 268 2680 et
279 2628 405 2681 sermonis
415 2628 526 2682 Athenis
535 2639 591 2680 eret
600 2626 680 2680 mnri-
723 2627 775 2692 sit,
788 2637 964 2682 commessotum
980 2627 1047 2696 opud
1062 2628 1167 2680 militem.
1183 2625 1234 2680 sest

171 2725 222 2760 me.
238 2705 302 2761 llec
315 2707 397 2778 igitur
411 2708 515 2762 ironice
535 2705 680 2772 dicuutur,
724 2727 807 2780 quum
823 2709 898 2778 plura
910 2704 982 2778 apud
995 2705 1125 2760 Thnidem
1141 2705 1175 2758 tle
1187 2725 1235 2758 nu-

173 2799 242 2839 utet
256 2805 315 2858 quse
328 2787 490 2857 precedunt.
545 2809 548 2816 ·
723 2787 788 2858 ptiis
801 2785 872 2840 etde
885 2785 983 2839 fodere
994 2783 1235 2850 sintconliciendn,

213 2867 294 2934 1093.
307 2867 501 2921 Protei-missum.
520 2867 680 2933 laurencius,
723 2868 820 2920 melius
833 2865 952 2920 creditur
971 2865 1005 2918 de
1020 2865 1131 2919 Timidis
1153 2863 1233 2918 domo

171 2951 252 2998 Zeun.
273 2946 351 2998 Both.
372 2948 468 3000 Proter
479 2952 620 3019 promissus
633 2959 677 2999 est.
723 2946 768 3000 hic
778 2947 923 3019 sgi3qusm
932 2946 994 2999 sutis
1005 2959 1129 3018 preterea
1138 2943 1237 2998 indicat

171 3023 214 3076 sic
233 3037 260 3078 et
277 3025 349 3078 Mur.
368 3039 394 3079 et
412 3028 445 3080 G.
462 3028 565 3081 Fnhrie.
584 3057 625 3068 —
642 3029 680 3080 lte
723 3025 878 3080 sdverbium
889 3029 951 3090 lsoc‚·
962 3026 1040 3079 itu'ut
1051 3027 1233 3080 sceuelocusn

172 3104 226 3166 leuc.
240 3105 374 3176 Antesign.
395 3118 421 3159 et
438 3107 484 3160 ulii
497 3108 558 3161 libr.
576 3107 679 3178 untiqui
723 3107 768 3160 uhi
792 3120 831 3160 est
852 3107 999 3160 meretricis
1016 3105 1130 3170 domus,
1151 3103 1233 3176 digito

171 3181 275 3237 addunt
298 3203 386 3238 omues.
408 3217 448 3230 -·-
475 3181 526 3240 Vos
550 3189 632 3240 solete
656 3199 680 3238 st
722 3186 844 3240 Phaedriu
856 3185 1235 3246 iudicarerideatur.-Vos,

171 3264 295 3318 Plaudite.
308 3264 585 3333 Autehucverbe‚in
596 3266 680 3338 pluri·
723 3265 757 3320 sd
779 3280 946 3339 spectatores.
967 3297 1008 3306 -
1025 3265 1149 3321 Plaudite.
1161 3262 1234 3318 .vid.

171 3341 301 3400 bnsEdd.
314 3344 454 3416 legiturss,
468 3359 495 3399 et
505 3346 534 3400 in
544 3346 679 3412 fine,csn·
723 3345 809 3400 Andr.
826 3348 855 3400 iu
868 3346 931 3398 line.

508 3499 903 3536 ..ψ-...ῥομ-

211 3635 246 3690 N.
262 3635 293 3690 B.
310 3637 416 3704 Exstat,
431 3650 462 3691 ut
479 3655 559 3692 nemo
580 3654 613 3691 ex
630 3636 752 3692 litteratis
767 3637 862 3697 nescit,
884 3635 997 3690 imitatio
1013 3635 1139 3689 Eunuchi
1157 3654 1237 3707 quum

171 3729 273 3801 scripsit
281 3729 390 3786 Nostros
399 3731 591 3794 uuonan,
602 3741 629 3784 et
638 3748 718 3802 mrum
730 3729 827 3784 eodem
838 3728 964 3783 Eunuchi
976 3728 1083 3781 nomine
1096 3728 1236 3802 inscripsit.

170 3821 314 3892 Postquam
332 3821 487 3895 aliquandiu
506 3822 723 3889 hesitaverimus,
736 3824 836 3894 placuit
854 3821 922 3876 nihil
939 3821 1020 3876 citare
1038 3820 1071 3900 de
1087 3821 1136 3898 huc
1150 3822 1237 3878 imitu-

171 3917 257 3984 tione,
273 3935 354 3989 quem
375 3919 487 3974 eximius
504 3920 549 3974 ille
570 3920 678 3974 Nostrae
699 3921 849 3978 tabularum
870 3918 982 3991 scriptor
1004 3921 1058 3972 lere
1076 3917 1236 3972 adverbum

172 4011 315 4082 expressit,
333 4023 359 4065 et
374 4010 435 4066 ideo
458 4031 512 4066 non
532 4013 725 4079 suthamtune,
746 4027 776 4066 ut
794 4031 848 4068 sese
871 4013 971 4068 hubent
987 4021 1075 4066 mores
1092 4012 1182 4066 nostri.
1199 4039 1237 4054 -

172 4104 326 4160 Terentium
344 4105 467 4161 imitnnsli
483 4105 582 4180 cupido
599 4108 702 4161 felicius
720 4108 842 4162 suecessit
857 4106 962 4161 dnobus
978 4108 1034 4161 eliis
1050 4105 1237 4178 scriptoribus,
