3040 4866
273 345 322 426 do
498 337 679 406 PUBLII
706 336 967 405 TERENTII
996 334 1118 403 AFRI

273 476 326 545 Ita
353 469 516 540 obstinate
541 467 600 537 dot
623 491 779 564 operam,
810 481 848 535 ut
873 490 927 536 me
954 489 974 534 n
1002 463 1157 560 Glycerio
1183 463 1339 536 miserum

434 570 621 643 abstrahat!

276 681 376 773 Quod
395 681 421 751 si
436 679 491 768 fit,
506 705 606 775 pereo
624 678 780 749 funditus.

275 785 401 859 Adeon’
418 787 589 856 hominem
606 810 678 855 esse
697 785 929 874 invenustum,
955 798 1014 858 aut
1037 781 1201 854 infelicem
1225 806 1341 880 quem-

434 917 554 986 quam,
574 905 614 962 ut
629 916 691 987 ego
711 889 807 986 sum?
1300 919 1341 964 ns

276 1000 367 1070 Proh
385 1000 496 1068 Deum
518 1012 617 1094 atque
634 998 808 1068 hominum
826 992 942 1066 fidem!

275 1104 411 1177 Nullon’
428 1129 490 1200 ego
507 1104 694 1174 Chremetis
708 1117 807 1201 pacto
820 1102 1025 1172 adfinitatem
1039 1099 1188 1200 effugere
1201 1101 1343 1206 potero?

278 1214 372 1303 Quot
388 1212 496 1281 modis
514 1225 742 1307 contemptus,
756 1205 903 1306 spretus!
921 1208 1027 1297 faeta,
1040 1221 1206 1278 transacta
1219 1209 1340 1278 omnia.

436 1313 537 1387 Hem!

280 1423 485 1520 Repudiatus
512 1437 645 1518 repetor
667 1449 673 1492 :
697 1421 937 1518 quomobrem?
961 1421 1025 1491 nisi
1049 1421 1076 1490 si
1101 1418 1135 1489 id
1159 1436 1228 1511 est,
1252 1419 1344 1516 quod

323 1539 329 1554 '
439 1530 598 1624 suspicor.

280 1634 414 1731 Aliquid
436 1638 574 1706 monstri
602 1633 703 1706 alunt.
728 1637 778 1705 Ea
802 1635 959 1730 quoniam
983 1634 1105 1704 nemini
1128 1633 1261 1704 obtrudi
1283 1657 1344 1728 po·

441 1755 523 1829 lest,
1305 1769 1346 1810 25⁰

283 1932 341 2002 quia
351 1947 386 1980 me
399 1932 546 1994 mamillarum
554 1929 629 1980 ardet.
640 1927 718 1994 Diem
728 1945 790 1982 eum
838 1929 873 1984 Ut
888 1947 934 1998 ego
949 1947 1009 1980 sum.
1032 1927 1068 1980 Ut
1088 1926 1244 1980 relationem
1265 1926 1348 1986 babet

282 2007 792 2080 adenegationedesistere,nonniaiquia
834 2025 896 2062 oum
904 2007 980 2072 adeo,
994 2006 1125 2078 intellige,
1137 2007 1198 2058 odeo
1210 2019 1237 2059 at
1244 2047 1253 2071 ,
1265 2007 1347 2074 aient,

285 2089 370 2142 merb
380 2107 469 2143 amore
480 2087 597 2158 Glynerii
605 2107 660 2142 non
668 2086 793 2141 desisten-
835 2099 889 2140 tam
903 2105 992 2159 quom.
1010 2087 1044 2139 Ut
1054 2105 1102 2157 ego
1116 2105 1183 2152 rum,
1197 2105 1344 2160 quemquern.

285 2179 340 2220 tem
349 2166 431 2222 ridet.
442 2200 483 2210 —
494 2170 568 2239 (lma.
580 2168 633 2220 Alii
643 2169 713 2222 inter
724 2186 792 2240 quoe
835 2167 878 2221 Sic
892 2167 1002 2220 invertit
1014 2167 1094 2220 Both.

286 2247 331 2300 Br.
343 2248 690 2320 mmmmm-Innatam,
703 2247 732 2300 id
740 2259 793 2314 eet,
879 2248 944 2311 248.
978 2247 1046 2316 Quot
1075 2245 1149 2298 modis
1182 2259 1344 2316 contemptus,

287 2345 341 2380 non
356 2327 459 2384 mutari.
468 2327 588 2380 Verbum
607 2326 674 2380 illud
693 2346 739 2380 een
750 2329 791 2381 af·
836 2337 938 2398 spretas,
948 2323 1134 2396 enbrndi,ego
1149 2325 1196 2382 fui.
1209 2325 1345 2380 Gredatim

286 2405 417 2458 firmative
438 2425 484 2458 sen
503 2405 624 2476 negative
642 2405 792 2462 adhibetur.
836 2404 923 2460 dicit:
939 2424 1001 2458 nam
1022 2406 1082 2476 plue
1101 2418 1140 2458 ert
1156 2417 1248 2476 spretus
1265 2425 1346 2478 quam

288 2485 333 2540 stc
348 2485 451 2537 indictus
466 2485 580 2538 sumitur
594 2483 675 2538 ruodo
686 2505 736 2557 pro
746 2506 794 2540 non
837 2497 990 2557 contemptur.
1002 2484 1171 2550 Contemnere,
1185 2483 1215 2538 id
1224 2486 1346 2558 eetparri

287 2565 382 2627 dictur,
397 2577 428 2618 ut
441 2563 531 2616 indicta
541 2582 631 2628 nauem
646 2565 728 2620 modo
743 2585 793 2638 pro
836 2565 931 2619 faeere
946 2563 1078 2636 spemn,
1089 2565 1213 2636 rejicere,-
1222 2563 1345 2638 repudia-

289 2644 382 2708 dr'ctrn,
401 2643 576 2714 significatur,
589 2642 736 2700 declaratur
755 2649 793 2699 in·
837 2662 876 2698 re.
888 2676 928 2688 -
947 2645 1044 2710 Facta,
1064 2655 1186 2697 transacta
1208 2649 1299 2705 omnia,
1320 2657 1347 2697 et

289 2725 378 2776 dictum
388 2724 496 2778 bellum.
836 2736 925 2778 tamen
939 2737 1029 2794 posteo
1043 2737 1175 2779 recuratur
1193 2743 1262 2778 sum.
1277 2724 1344 2778 For·

331 2803 396 2868 ²43.
412 2804 465 2857 Pro
478 2809 542 2856 itane
555 2804 671 2858 rescribe
686 2808 738 2869 ita,
757 2803 794 2858 ait
838 2803 1193 2869 mulalurioconaultornm,
1213 2822 1264 2874 qna
1290 2815 1345 2856 ute·

289 2883 376 2938 Rentl.
393 2902 473 2955 quern
489 2883 573 2936 aeenti
591 2901 695 2950 sumne,
711 2897 737 2937 et
750 2902 795 2936 eo·
838 2883 935 2936 bantrrr
948 2884 976 2938 in
988 2883 1183 2950 eontractibns,
1195 2881 1345 2954 significan·

289 2961 351 3028 dem
368 2975 516 3034 praeeunte,
530 2961 664 3016 edidimus
678 2964 723 3016 ctat
738 2982 794 3033 ope·
838 2961 1191 3034 teuomnia,quterdjurtam
1197 2963 1345 3034 pactionem

290 3062 341 3096 mm
355 3061 405 3114 pro
419 3043 490 3113 vulg.
505 3062 600 3113 operam
614 3043 666 3094 dot.
838 3042 1007 3113 pertinerent.
1022 3060 1079 3096 eree
1088 3042 1212 3113 prestita.
1223 3041 1291 3094 Perl.
1305 3075 1345 3086 -

329 3127 393 3188 ²44·
412 3123 526 3193 Quodsi
540 3121 591 3192 fit,
613 3122 635 3174 ri
652 3119 682 3175 id
696 3121 744 3190 fit,
765 3135 795 3176 ut
837 3121 918 3186 Hem,
932 3122 1047 3175 formula
1059 3121 1228 3194 indignantis.
1280 3175 1282 3185 Α

290 3222 333 3256 me
347 3201 481 3256 abstrahat
495 3213 546 3255 etc.
886 3209 952 3270 ²49·
973 3201 1121 3272 Repudiatus
1144 3213 1244 3272 κρεῖον.
1268 3200 1346 3254 Nune

331 3282 396 3344 245.
417 3281 516 3334 Adeon'
537 3281 652 3334 bombum
674 3301 723 3333 esre
744 3293 792 3336 etc.
836 3293 976 3353 postquam
985 3280 1138 3353 repudiatus
1151 3300 1225 3346 eum,
1240 3291 1346 3351 repetor

287 3361 422 3426 subaudi,
437 3359 561 3431 punibile
574 3371 629 3428 en,
644 3361 740 3414 unitata
755 3361 794 3414 el·
838 3359 872 3414 aal
888 3361 1051 3433 conjugium.
1061 3391 1101 3406 »-
1116 3360 1287 3430 Quamobrem
1302 3377 1343 3412 re-

284 3441 357 3512 lipei.
374 3473 414 3483 -
434 3441 599 3506 Invenruteor,
611 3441 711 3494 Veneri
725 3441 794 3494 invi·
837 3453 922 3510 petor.
939 3472 979 3485 -—
998 3441 1056 3494 Nisi
1073 3444 1096 3492 εἰ
1112 3441 1141 3492 id
1154 3439 1282 3512 estquod,
1304 3459 1345 3491 ru-

286 3539 361 3587 eum;
373 3538 419 3573 ren
432 3519 556 3590 qturnon
571 3520 673 3586 ferebat
685 3521 793 3585 Venno,
836 3523 923 3592 spicer.
935 3519 992 3574 Nisi
1012 3519 1041 3572 id
1057 3519 1132 3592 quod
1150 3519 1269 3590 enepieor
1288 3537 1344 3572 non

286 3619 367 3670 qnam
385 3599 519 3652 amoribus
534 3617 643 3668 praeesse
657 3598 794 3666 dioebant;
836 3599 997 3654 exsistit-
1015 3601 1074 3654 Nisi
1086 3603 1124 3664 si,
1141 3599 1274 3670 eleganter
1293 3617 1344 3670 pro

286 3697 333 3732 eeu
350 3678 504 3749 metaphora
519 3675 657 3750 desumpta
674 3681 708 3732 ab
725 3679 794 3733 oler-
837 3683 891 3733 nbi.
908 3679 964 3733 Cio.
979 3679 1053 3733 Fam.
1063 3679 1142 3744 XIV,
1160 3699 1186 3734 r.
1198 3679 1267 3732 Per-l.

286 3772 344 3812 tore
363 3759 425 3830 qui,
444 3758 472 3811 in
491 3757 562 3822 talin,
581 3758 693 3812 Venerio
709 3759 792 3813 ictum
878 3758 942 3814 250.
958 3759 1064 3831 Afrbmd
1076 3763 1182 3812 martti.
1197 3757 1343 3811 Fnrminrrn

286 3856 346 3891 raro
362 3837 486 3909 jaciebat,
501 3849 527 3891 et
541 3842 691 3902 munustus,
711 3836 740 3892 id
755 3852 793 3893 eet
835 3837 978 3910 quamdam
1003 3837 1150 3894 deformem
1178 3851 1205 3892 et
1228 3849 1346 3891 monstro

282 3918 462 3972 infortunatus
472 3915 618 3972 dioebatur.
632 3917 751 3974 Gorean.
766 3933 792 3973 et
834 3919 1094 3990 rimilem.Loquitur
1107 3917 1142 3972 de
1155 3917 1209 3972 filia
1217 3917 1344 3972 Chreme·

287 3997 407 4054 Glarean.
422 4002 510 4070 legunt
524 4003 667 4066 invenustum
680 4020 736 4054 esre.
752 4031 791 4056 -,-
835 3999 875 4058 tie.
884 3999 1011 4070 Superius
1020 3998 1142 4070 apprime
1151 3995 1218 4052 dixit
1230 4000 1346 4068 suspirata
