3014 4872
484 400 736 472 TER'ENTII
762 403 897 473 VITA.
1172 437 1235 484 xix

201 527 281 582 Dum
292 523 330 582 ad
343 523 464 584 Furium
477 542 508 581 se
520 523 657 582 coenitare
675 524 688 570 l
702 536 732 582 et
744 524 881 598 Laelium,
894 527 1050 604 pulchrum
1061 545 1164 610 putat:

202 625 279 682 Dum
292 640 323 680 se
337 620 428 680 amari
441 618 479 678 ab
492 619 574 680 hisce
585 620 694 694 credit,
711 620 815 680 crebro
830 622 861 680 in
874 623 1018 685 Albanum
1033 629 1098 708 rapi

201 716 249 778 0h
264 718 365 775 florem
380 715 471 776 aetatis
484 737 561 775 suae:
577 717 658 796 ipsus
672 713 792 776 sublatis
807 717 894 777 rebus
908 719 944 778 ad
960 727 1116 783 summam⁵

199 814 331 893 Inopiam
347 812 482 871 redactus
493 826 544 872 est.

200 913 302 987 ltaque
317 929 333 966 e
349 921 506 986 conspectu
520 907 649 965 omniurn
664 905 735 965 abiit
750 908 780 965 in
795 910 936 967 Graeciam
950 911 977 984 ⁶,
993 912 1022 970 in
1039 925 1144 976 terram
1157 921 1228 980 ulti-

261 1023 347 1064 mam.
987 1045 990 1053 ·

198 1107 393 1164 Hortensest
404 1102 436 1160 iu
449 1101 636 1179 Stymphalo,
650 1101 781 1161 Arcadiae
796 1104 925 1182 oppido:
939 1105 1013 1165 nihil
1024 1107 1146 1169 mintius

198 1201 297 1279 Scipio
311 1198 528 1279 profuit‚'niltll
541 1197 569 1256 ei
582 1211 598 1250 21
607 1199 727 1269 Latius,
740 1197 814 1258 nihil
827 1199 948 1274 Furium
1151 1195 1154 1200 ’

197 1303 274 1358 Tres
282 1297 428 1377 peridem
442 1305 556 1376 tempu
568 1295 620 1374 qni
634 1294 787 1375 agitabant
795 1296 907 1357 nobiles
919 1299 1062 1360 facillime.

198 1399 308 1455 Eorum
321 1396 370 1455 ille
383 1415 476 1476 opera
489 1415 527 1480 ne
542 1394 660 1454 domurn
674 1394 792 1473 quidem
808 1394 912 1455 habuit
927 1379 1147 1462 conductitiam:

198 1494 305 1554 Saltem
320 1507 351 1554 ut
364 1507 455 1565 essct,
468 1477 795 1574 qno—refertetolritnm
810 1479 922 1554 domini
935 1499 1076 1558 servulus.

153 1639 293 1733 Scripsit
310 1636 509 1708 Comoedias.
519 1661 577 1707 sex
589 1662 596 1704 :
607 1636 776 1731 exquibus
831 1638 932 1708 imam
945 1640 1104 1713 Andriam
1122 1671 1224 1742 quum

154 1742 305 1815 aedilibus
323 1744 434 1829 daret,
450 1744 561 1837 jussus
579 1757 656 1812 ante
670 1745 777 1814 Caerio
811 1747 960 1816 recitare.
973 1747 1026 1817 Ad
1039 1768 1223 1824 coenantem

154 1875 260 1945 quum
277 1853 438 1938 venisset,
459 1850 567 1920 dictus
584 1865 645 1938 est,
665 1851 795 1932 initium
813 1851 946 1946 quidem
966 1855 1118 1947 Fabulae,
1135 1862 1225 1956 quod

68 2003 72 2008 -
153 1959 476 2053 eratcontemptiore
489 1958 622 2044 vestitu,
636 1955 790 2026 subsellio
803 1957 893 2050 juste
909 1956 1225 2039 lectulumresidens

154 2061 294 2158 legisse:
315 2078 392 2159 post
413 2083 537 2160 paucos
558 2087 639 2132 vero
660 2084 775 2132 uersus
795 2063 970 2149 invitatus,
992 2080 1029 2136 ut
1049 2075 1223 2144 accumbe·

153 2185 221 2254 ret,
245 2196 393 2240 coenasse
414 2193 498 2259 una3
518 2168 637 2238 deinde
666 2184 785 2239 eaetera
812 2172 1033 2264 percurrisse,
1060 2199 1128 2246 non
1153 2181 1223 2250 sine

153 2301 277 2372 magna
302 2275 400 2347 Caerii
428 2275 655 2345 admiratione.
685 2277 729 2344 Et
753 2276 840 2346 hanc
863 2290 995 2367 nutem,
1022 2293 1057 2349 et
1077 2284 1222 2380 quinque

153 2381 296 2479 reliquas
315 2378 484 2479 aequaliter
502 2380 627 2478 populo
648 2381 820 2477 probavit3
847 2385 999 2478 quamvis
1022 2386 1222 2462 Volcatius⁹

152 2487 195 2558 de
216 2491 466 2560 enumeratione
481 2490 631 2558 omnium
652 2489 698 2558 ita
720 2488 869 2558 scribat:
891 2491 1075 2564 “sumetur
1092 2497 1224 2594 Hecyra

151 2611 245 2666 sexta
262 2621 303 2665 ex
317 2595 372 2665 his
389 2593 556 2664 Fabula’»
964 2585 977 2619 Χ

152 2797 220 2846 m,
232 2778 311 2852 quod
330 2777 528 2851 preferendum
548 2795 605 2832 esee
624 2779 664 2830 vi·
708 2773 791 2830 etelro
811 2781 891 2833 aratu
907 2779 939 2833 ob
949 2783 1130 2853 florentem.-
1151 2789 1222 2859 [pern

150 2858 461 2915 ‹lembum-Vocem
476 2859 588 2912 divinum·
609 2857 667 2910 Alii
707 2858 771 2910 tetis
790 2859 857 2912 rebus
874 2879 990 2914 mirram
1009 2864 1045 2917 ad
1057 2867 1166 2938 inopiam
1181 2888 1219 2922 n.

149 2961 211 2994 νοω
230 2941 329 3004 dimam·
343 2939 388 2994 alii
403 2943 459 2992 occi
476 2939 582 3002 divium
597 2957 664 3010 quo·
705 2937 793 2992 dactus
802 2951 847 2992 est.

150 3037 213 3074 rum
231 3019 299 3074 illud
321 3017 430 3092 quidem
447 3017 590 3082 vitiosum,
611 3017 663 3072 hoc
748 3019 825 3072 6.1n
848 3017 882 3073 G.
897 3019 988 3093 Vulgo
1005 3025 1031 3074 in
1051 3022 1086 3078 G.
1108 3027 1134 3078 ln
1151 3037 1170 3082 r.
1193 3049 1218 3083 u.

149 3113 241 3154 antem
254 3100 416 3172 antiquioris
428 3099 668 3169 tormentuosum
706 3098 782 3168 quani
803 3098 902 3152 mlmm
925 3105 1220 3172 quaemultasciat

151 3193 302 3235 tomentum
317 3193 365 3234 ert.
377 3180 452 3232 Borlr.
704 3178 782 3232 ltalia
798 3177 910 3234 Grecio.
923 3181 999 3238 Botl.
1015 3182 1069 3250 Qui
1081 3186 1219 3242 omittitur

193 3268 219 3326 4.
235 3259 364 3315 Coenirare.
383 3261 473 3330 Vulgo
490 3259 616 3330 ἀμίτρωςς
631 3270 663 3312 nt
704 3271 765 3311 ente
782 3256 955 3313 droselam.-
1059 3307 1061 3312 ,

150 3338 335 3394 indicantium
343 3339 461 3392 Bothins.
468 3339 522 3404 Qui
538 3337 584 3392 dut
594 3337 662 3391 Dion
746 3353 773 3408 7.
785 3339 929 3411 El.ango
941 3341 1063 3414 ἀμὶτρως.
1075 3341 1151 3399 Both.
1163 3343 1218 3412 Qui

149 3441 176 3472 rc
190 3421 227 3474 ad
237 3419 337 3472 Furium
350 3435 454 3472 cam
703 3413 803 3474 dal'er't'.
1136 3463 1138 3468 .

193 3501 222 3554 ⁵·
233 3500 310 3571 Obst.
321 3513 372 3554 etc.
382 3499 462 3551 Hunc
471 3511 498 3550 et
508 3509 661 3570 sequentem
744 3497 771 3552 8.
783 3499 871 3552 Coerlo·
880 3499 971 3555 Weet.
983 3511 1056 3553 recte
1067 3501 1153 3558 edidit
1164 3505 1218 3559 Ce-

149 3597 257 3633 versum
263 3577 428 3635 West.dnee
434 3578 661 3642 &numinianum
702 3577 762 3630 cillo
769 3617 778 3642 ,
790 3591 820 3631 nt
835 3579 914 3650 paulo
927 3592 992 3649 post
1005 3579 1107 3636 Caecilii.
1119 3585 1203 3640 Zeun.

148 3662 314 3713 contractum
326 3657 382 3712 edit
394 3658 497 3712 cic:0b
501 3659 590 3728 florem
602 3669 661 3710 ceta·
745 3675 773 3726 9.
807 3650 942 3710 Volcatius.
962 3658 1040 3712 Volo.
1064 3661 1217 3736 Sedigitas,

149 3742 256 3792 thena:
270 3739 425 3792 odsummam
436 3741 541 3808 mopiam
551 3737 660 3791 redactus
704 3733 739 3790 dc
752 3755 806 3810 quo
819 3737 890 3791 Gell.
904 3737 938 3790 N.
949 3739 982 3792 A.
992 3757 1045 3805 κν,
1059 3748 1106 3802 ²4·
1119 3745 1218 3798 Versae

147 3831 190 3872 est.
204 3821 287 3873 Zeun.
297 3820 416 3891 Vulg.-
422 3819 486 3871 Dum
498 3839 523 3870 se
536 3821 613 3870 amari
628 3817 661 3869 ab
704 3815 777 3870 haud
790 3813 873 3886 dubie
886 3817 1005 3890 prolatus
1018 3837 1049 3872 ex
1061 3821 1133 3875 illiue
1144 3823 1216 3878 libro

148 3900 211 3951 lusce
229 3899 307 3950 credit
320 3917 327 3952 τ
339 3896 413 3970 qnod
437 3895 512 3951 lotile
533 3899 661 3970 glossema
704 3893 740 3950 de
761 3897 865 3967 poetis,
886 3895 1006 3951 iambicis
1021 3902 1131 3954 senariis
1151 3919 1217 3956 con.

148 3978 534 4051 sequentium.Botl1.Quihoe
548 3991 659 4032 tresren
704 3976 800 4048 cripto.
830 3977 921 4041 Quare
943 3978 1079 4048 vulgatum
1106 3983 1143 4034 lais
1166 4002 1217 4055 pro

148 4059 186 4112 cic
195 4055 311 4130 redigit:
325 4059 392 4112 Dum
400 4077 426 4112 se
436 4061 490 4129 rupi
500 4063 527 4112 r'u
536 4058 661 4114 Albam
704 4057 767 4110 toa
777 4053 936 4112 mendosum
948 4058 1073 4114 arbitror.
1084 4061 1159 4116 Belle

1019 4163 1058 4234 n·
