2968 4856
295 355 369 430 356
516 357 695 430 runnu
721 361 978 430 rannnrn
1001 331 1129 430 'nrm

293 493 380 560 Nam
396 489 570 586 disciplina
592 505 641 559 est
663 490 793 576 iisdem,
812 493 1017 560 munerarier
1319 525 1357 562 a..

293 595 437 667 Ancillas
452 599 613 691 primum,
632 597 675 667 ad
697 597 847 668 dominas
871 599 928 692 qui
950 598 1109 668 affectant
1126 601 1226 667 viam.

294 707 397 774 Cun-
413 706 535 798 Perge,
557 703 701 774 obsecro
715 718 765 791 te,
784 719 817 773 et
839 729 920 774 cave
942 729 984 772 ne
1004 703 1120 773 falsam
1140 708 1279 800 gratiam

291 810 430 880 Studeas
452 811 543 878 inire.
559 811 650 898 Quid
671 813 731 894 ait,
754 811 811 879 ubi
831 837 885 880 me
905 810 1079 881 nominas?

291 918 372 986 Srn.
393 916 461 986 Ubi
482 916 639 1003 dicimus,
659 916 790 986 rediisse
809 930 858 1002 te,
877 930 911 986 et
931 941 1049 1012 rogare
1068 919 1116 985 uti

291 1024 430 1091 Veniret
446 1023 488 1091 ad
506 1035 555 1110 tc,
575 1022 693 1092 mulier
714 1022 812 1092 telam
831 1024 954 1093 deserit
1193 1075 1195 1080 ·
1316 1058 1353 1097 aa

290 1131 478 1216 Continuo,
498 1144 532 1197 et
552 1128 695 1198 lacrimis
715 1129 829 1224 opplet
850 1156 887 1199 os
907 1143 1015 1198 totum
1034 1129 1116 1216 sibi,
1134 1145 1173 1198 ut

290 1235 398 1304 Facile
416 1237 533 1319 scires,
544 1235 712 1325 ,desiderio
730 1236 763 1305 id
783 1235 856 1304 fieri
874 1251 943 1305 tuo.

288 1344 389 1411 Cum.
409 1344 481 1410 Prae
500 1340 636 1436 gaudio,
655 1344 699 1410 ita
716 1365 770 1411 me
787 1343 833 1412 Di
849 1356 977 1429 ament,
996 1343 1053 1411 ubi
1068 1344 1129 1412 sim
1149 1345 1286 1412 nescio:

330 1555 393 1608 300.
417 1552 525 1623 Legitur
544 1553 643 1623 pariter
665 1551 750 1604 eisdem
770 1564 796 1604 et
840 1551 954 1606 suetudo
966 1552 1062 1613 vitm
1075 1551 1243 1622 priorenihil
1256 1553 1352 1605 immu-

288 1635 379 1686 iisdem.
392 1665 431 1675 -·
442 1633 595 1704 Disciplina,
605 1650 678 1696 mos,
691 1632 796 1684 institu·
840 1643 893 1684 tata
909 1633 941 1686 eit
955 1649 962 1682 :
978 1649 1063 1695 nunc,
1078 1629 1151 1701 quod
1172 1633 1277 1686 animus
1292 1651 1351 1703 erga

289 1711 662 1776 tum.-1isdemdictt‚non
676 1711 796 1783 iis,quia
840 1712 955 1764 Cliniam
977 1709 1047 1763 idem
1073 1711 1121 1782 qui
1144 1710 1208 1774 fuit,
1231 1727 1351 1776 maneat,

287 1807 387 1864 spectet
397 1790 429 1846 ad
445 1792 544 1863 duplex
555 1790 710 1862 obsequium
727 1809 797 1842 ama·
839 1789 1028 1844 declarandum
1044 1803 1090 1843 est.
1102 1791 1232 1844 Bia-clerus.

286 1887 391 1938 torum,
410 1885 468 1925 tum
484 1873 512 1924 in
532 1868 671 1932 dominas,
691 1884 746 1923 tum
768 1871 797 1922 in
883 1873 946 1934 304.
962 1871 1080 1922 Damus.
1100 1869 1161 1923 Hel.
1176 1871 1291 1926 dueum.
1311 1902 1350 1912 -

287 1953 400 2006 ancillas.
415 1985 454 1994 -
469 1952 635 2014 Munerarier,
651 1968 702 2021 pro
717 1969 799 2002 mune·
840 1951 1051 2007 Redissewest.
1067 1950 1215 2022 Par.Valp.
1228 1951 1324 2004 redisse.

284 2037 350 2096 rari,
366 2033 450 2086 active
463 2031 573 2086 dictum.
797 2055 801 2065 ·
878 2030 945 2084 305.
971 2031 1075 2082 Deserit.
1102 2030 1198 2083 Faern.
1223 2030 1296 2100 Gay.
1320 2049 1350 2083 ex

328 2113 395 2167 301.
415 2113 473 2182 Qui.
488 2112 543 2163 Pal.
559 2109 605 2163 dat
615 2130 677 2183 quoe.
691 2140 732 2151 —
745 2109 796 2177 As·
839 2110 932 2164 Bemb.
946 2109 1049 2174 desiliit,
1063 2107 1137 2181 quod
1152 2111 1298 2181 elegantius
1313 2112 1351 2164 vi-

278 2194 375 2258 sectare
383 2234 391 2258 ,
408 2193 478 2244 viam
493 2209 651 2262 preparare.
664 2189 707 2241 Sic
720 2188 795 2260 Virg.
839 2187 919 2242 detur
933 2203 959 2242 et
973 2189 1060 2261 placet
1073 2189 1200 2242 Bentleio.
1212 2191 1352 2242 -Muiier

284 2272 381 2344 Georg.
400 2273 449 2337 IV,
469 2270 546 2333 562,
564 2273 676 2342 viamque
694 2269 796 2336 affectat
840 2271 911 2321 telam
931 2269 1025 2322 deserit.
1052 2269 1092 2321 Ut
1114 2267 1188 2339 apud
1215 2288 1351 2323 summum

284 2349 795 2423 Olmpo.-Amillmprmum,etc.Idem
839 2349 997 2420 poetam,in
1006 2347 1350 2420 diveraoaffeetusgenere‚

198 2497 201 2504 .
283 2429 351 2482 illud
363 2429 441 2483 docet
450 2430 573 2501 nragiater
584 2445 705 2480 amorum
714 2465 722 2490 ,
732 2429 796 2480 Ovi·
838 2429 1034 2499 AEn.1x‚476:
1045 2428 1170 2481 «Excussi
1177 2430 1351 2482 menibusra-

286 2508 360 2571 dius,
374 2515 431 2562 Art.
443 2512 502 2561 Am.
512 2511 534 2574 I,
549 2507 623 2562 351:
641 2506 708 2560 ·sed
722 2509 795 2579 priua
838 2506 1178 2579 dii,revolutaquepensa.·
1188 2509 1232 2561 Sic
1240 2509 1350 2575 item,ut

284 2589 416 2642 ancillam
434 2586 569 2659 captandae
600 2605 676 2640 nosse
699 2589 794 2658 puellm
837 2587 1350 2658 citatPerlet.Sapph.Fragm.Vll,Ed.

281 2669 352 2722 Cura
365 2669 410 2720 ait.
423 2703 430 2714 ·
443 2665 570 2720 .Hanctu
580 2667 712 2738 pollicitis,
725 2667 794 2720 hanc
836 2667 906 2739 vulg.
922 2668 1018 2720 mulier
1031 2667 1075 2719 illa
1089 2685 1249 2736 praeamara
1262 2682 1350 2722 texere

283 2760 311 2800 tu
321 2765 463 2818 corrumpe
472 2745 601 2819 rogando.
611 2772 622 2793 »
636 2745 714 2799 Lind.
731 2747 798 2800 citat
835 2765 890 2800 non
901 2748 998 2819 pergit,
1007 2741 1349 2820 airardiaapat‚inquiens,

281 2841 408 2898 praeterea
420 2824 571 2881 Hieron.ad
577 2825 710 2880 Gaudent.
726 2826 791 2879 «So-
835 2829 925 2896 aptatu
936 2831 977 2880 τὸν
988 2824 1073 2892 ictis,
1084 2831 1156 2896 Ποθῷ
1167 2822 1283 2897 depuisa
1291 2849 1349 2882 aar·

281 2908 338 2960 lent
350 2907 449 2971 lascivi,
459 2907 586 2977 comptuli
595 2909 705 2976 juvenes
716 2906 791 2959 blan·
834 2901 887 2968 tte.

282 2985 419 3052 dimentie,
439 2986 607 3050 affabilitate,
627 2985 791 3039 munusculis
875 2986 1269 3058 306,aq.lltfaeilescim,etc.
1283 2989 1351 3055 Qni-

280 3065 382 3119 aditum
399 3066 450 3119 sibi
465 3085 514 3138 per
526 3065 640 3118 numicea
653 3063 686 3117 ad
705 3065 790 3118 alum·
833 3062 896 3118 dam
909 3071 987 3129 saus,-
1003 3066 1050 3120 aed
1065 3067 1145 3120 Both.
1163 3081 1238 3120 notat
1257 3066 1284 3120 id
1304 3088 1348 3122 re-

280 3165 328 3200 nes
339 3164 466 3218 quatere.
477 3171 489 3192 ι
833 3145 939 3216 quirem
947 3147 1042 3213 factum
1057 3167 1106 3199 esse
1120 3165 1175 3200 uon
1188 3146 1249 3216 fieri
1257 3167 1268 3210 ,·
1282 3167 1347 3220 ergo

322 3227 385 3280 302.
406 3227 509 3279 Abeunt
527 3223 626 3278 vocula
643 3237 665 3274 te
684 3237 712 3277 et
729 3244 757 3275 ne
774 3244 788 3278 a
832 3224 893 3288 dat,
906 3245 933 3276 os
952 3238 1041 3289 totum,
1058 3240 1099 3279 tuo
1118 3227 1191 3292 iles.
1212 3247 1246 3280 se.
1265 3229 1344 3282 desid.

280 3306 369 3360 Guelf.
389 3326 414 3359 a.
432 3334 473 3346 -
484 3304 575 3374 Perge,
593 3321 700 3358 narrare
720 3304 788 3374 quid
832 3303 1099 3374 refiert-Lacrimis
1113 3307 1206 3377 opplet,
1223 3319 1273 3360 etc.
1287 3308 1346 3361 Pru

280 3385 379 3439 viderie
391 3383 462 3456 apud
477 3385 649 3456 Antiphilam.
662 3383 725 3436 Haec
735 3385 788 3436 Cli·
829 3384 941 3454 gaudiot
956 3399 987 3439 ut
999 3384 1118 3440 indicant
1133 3386 1215 3458 Apul.
1233 3388 1299 3444 Met.
1314 3388 1344 3449 1;

278 3467 323 3518 nia
347 3464 379 3520 ad
401 3463 509 3536 Syrum.
525 3497 566 3507 --
585 3464 650 3516 Cave
666 3483 712 3526 ne,
736 3475 785 3516 etc.
830 3477 856 3516 et
870 3465 937 3536 Nep.
953 3463 1085 3519 Alcibiad.
1100 3466 1205 3530 v1‚.4:
1223 3491 1235 3514 ι
1249 3467 1288 3519 Ex
1303 3469 1345 3520 ni·

277 3546 349 3597 Cave
361 3563 395 3597 ne
407 3543 510 3598 studeas
524 3544 593 3597 inire
609 3561 694 3596 meam
704 3543 785 3595 bene·
829 3544 883 3596 mio
895 3542 993 3614 gaudio
1006 3545 1169 3598 lacrimatur.
1181 3571 1193 3592 ι

274 3625 427 3688 volentiam,
438 3624 513 3687 falso,
525 3621 553 3675 id
563 3635 610 3688 est,
620 3620 782 3676 mentiendo.
869 3625 936 3694 307.
952 3625 1001 3687 ta,
1017 3625 1053 3678 ita
1065 3637 1103 3677 ut.
1111 3655 1151 3665 -
1159 3625 1244 3676 Facile
1252 3629 1343 3690 seins,-

274 3705 342 3757 Nam
352 3705 371 3756 ai
381 3702 511 3756 audierim
521 3721 577 3754 reru
587 3701 783 3756 aliterevenisse
826 3703 903 3757 facile
930 3703 1024 3776 aliquia
1047 3704 1174 3777 potuisset
1200 3707 1279 3758 scire.
1301 3738 1342 3749 -

271 3803 302 3838 ac
314 3797 343 3836 tu
357 3783 432 3847 dicis,
442 3783 523 3854 gratia
531 3783 595 3835 inita
606 3782 779 3836 frustraberis.
824 3783 952 3836 Desiderio
971 3797 1020 3838 tao.
1039 3783 1175 3838 Desiderio
1188 3787 1237 3838 tal.
1253 3816 1295 3828 —
1308 3787 1344 3838 Id

312 3864 375 3916 303.
392 3863 440 3916 Ubi
453 3881 489 3914 me
505 3866 627 3922 nominas,
640 3881 690 3933 pro
701 3866 777 3913 nomi·
814 3861 883 3932 fieri.
897 3865 973 3918 Hanc
988 3865 1106 3929 turbam,
1121 3864 1168 3918 han
1182 3864 1315 3918 lacrimas.

267 3943 553 3996 nevisti-Hactenus
564 3940 774 3995 demonstratum
861 3943 917 3997 308
947 3945 996 3996 Ubi
1008 3950 1053 3997 sim
1068 3943 1227 3998 rusciavid·
1243 3943 1334 3999 Andr.

263 4037 316 4091 est,
329 4021 464 4096 quodvita
477 4022 634 4092 Antiphilu,
648 4024 770 4076 eireeon·
818 4023 890 4092 9393
900 4023 979 4094 hujus
988 4024 1087 4077 volum.
1098 4041 1157 4095 pag.
1172 4042 1236 4077 rao.
1257 4071 1259 4076 ,
