3000 4866
264 431 330 479 xrv
661 403 925 472 PRAEFATIO

319 538 384 610 Sed
396 552 473 608 ante
484 561 600 607 omnes
614 534 865 630 Guelferbytani
878 561 902 605 s.
915 533 1210 607 Wolfenbuttelani
1223 541 1330 613 codd.

263 661 408 744 quatuor
425 646 570 716 maximo
587 645 662 712 usui
679 641 762 711 mihi
779 644 999 737 contigerunt.
1022 644 1117 732 Quos
1133 645 1266 740 quidem
1287 649 1330 717 ab

265 758 437 848 Longam,
456 750 706 821 bibliothecario
720 749 946 836 meritissimo,
964 769 1063 844 quem
1082 750 1151 820 fato
1166 752 1261 822 nobis
1272 775 1330 824 ntr-

263 885 323 957 per
335 874 486 955 ereptum
501 855 656 953 permulti
668 879 800 925 mecum
813 854 985 942 dolebunt,
1008 857 1103 924 venia
1115 855 1192 926 data
1205 860 1247 928 ab
1260 859 1328 945 his,

262 968 319 1063 qui
338 989 379 1035 ex
396 967 518 1034 intimis
532 965 689 1033 Sereniss.
708 963 812 1030 Ducis
827 963 1025 1059 Brunswigae
1040 961 1174 1052 floreret,
1186 979 1224 1033 ut
1238 969 1328 1035 aeci-

262 1097 376 1170 perem
405 1071 631 1166 impetravisse
651 1091 705 1137 mo
727 1090 785 1154 ea,
803 1093 870 1162 qua
893 1067 1008 1156 decet,
1030 1072 1213 1139 reverentia
1238 1097 1328 1142 nunc

262 1179 371 1276 palam
392 1177 554 1248 confiteor
571 1189 670 1269 atque
692 1176 877 1270 gratissimo
893 1177 1004 1245 animo
1020 1189 1134 1245 testor.

314 1289 368 1356 De
383 1286 436 1354 his
453 1281 623 1352 codicibus
643 1281 863 1350 membraneis
881 1296 931 1351 est
944 1306 1050 1371 unus,
1064 1307 1162 1376 quem
1183 1271 1326 1377 primum

260 1392 389 1462 mihim
404 1413 540 1460 manum
554 1388 725 1482 assumpsi,
741 1386 850 1456 forma
867 1386 1071 1483 splendidas
1063 1413 1096 1456 ιιι
1110 1388 1168 1458 fol.
1185 1387 1227 1458 de
1239 1413 1327 1460 anno

264 1495 373 1584 1433.
402 1498 442 1565 In
466 1521 507 1565 eo
527 1497 635 1590 reperi
656 1517 727 1564 esse
745 1493 846 1564 lineas
870 1495 1050 1564 verhomm
1075 1499 1271 1582 continuas,
1289 1511 1328 1565 ut

259 1607 314 1674 vix
338 1603 443 1672 ullum
460 1603 634 1697 vestigium
653 1615 830 1695 appareret
856 1602 955 1670 metri
981 1601 1209 1671 distinctionis.
1230 1602 1326 1671 Ordo

258 1711 438 1781 verborum
455 1735 541 1805 saepe
555 1707 637 1778 alius
650 1721 719 1790 est,
734 1731 773 1774 ac
790 1705 888 1800 plane
902 1706 1070 1802 evulgato
1088 1706 1246 1777 diversus.
1261 1710 1327 1778 No·

257 1816 334 1889 tulae
362 1828 440 1886 sunt
468 1818 502 1884 in
523 1816 672 1909 margine
696 1835 817 1906 magna
845 1837 886 1882 ex
916 1827 1011 1907 parte
1039 1816 1174 1883 Donati.
1201 1814 1326 1884 Menda

257 1924 467 1994 librariorum
501 1943 609 2017 pauca
642 1932 771 1989 tantum
797 1917 945 2006 offendi,
966 1934 1005 1988 ut
1028 1917 1130 1988 Andr.
1154 1943 1204 1988 vs.
1231 1917 1325 2014 569,

255 2031 424 2102 decemo
447 2041 510 2124 pro
532 2027 711 2112 discessib3
736 2038 794 2093 aut
815 2025 876 2094 Ph.
903 2049 952 2094 vs.
977 2023 1075 2120 726,
1094 2030 1257 2120 expen're.
1276 2027 1326 2096 Ut

255 2137 319 2208 alia
337 2138 500 2206 omittam.
526 2135 613 2203 Mire
638 2131 758 2228 legitur
777 2131 813 2198 in
836 2130 941 2200 Andr.
966 2155 1015 2200 vs.
1042 2147 1136 2226 917,
1154 2147 1326 2200 attentate

255 2269 319 2340 pro
337 2257 572 2338 attemperate.
590 2242 745 2308 Attamen
760 2236 834 2330 plus
849 2239 1002 2306 minusve
1014 2239 1153 2332 egregiae
1167 2236 1324 2307 lectiones

255 2350 385 2421 suntin
403 2347 508 2418 Andr.
529 2369 579 2415 us.
600 2367 691 2440 191,
714 2343 771 2411 ubi
794 2342 906 2412 addita
928 2342 1104 2438 leguntur:
1121 2347 1157 2414 S.
1178 2349 1212 2412 si
1224 2367 1323 2438 quee-

254 2481 330 2541 ναι,
350 2455 483 2541 ὤεαιιις
502 2450 581 2521 ibid.
596 2473 646 2520 vs.
663 2449 756 2536 alid,
769 2454 976 2535 maximum
994 2473 1042 2518 vs.
1062 2445 1156 2535 318,
1172 2474 1322 2536 crucem;

254 2562 333 2632 ibid
350 2563 468 2629 Heaut.
488 2581 535 2628 vs.
556 2555 653 2642 206,
670 2555 863 2625 adduntur.
882 2559 1033 2625 scortari
1047 2576 1117 2622 non
1135 2555 1226 2643 vult;
1241 2555 1321 2624 ibid.

254 2691 303 2738 vs.
325 2665 418 2762 296,
437 2679 662 2786 etproepuret
675 2688 722 2732 se.

306 2773 370 2843 Sed
395 2774 561 2867 precipue
577 2783 713 2839 notetur
731 2769 767 2838 in
789 2764 929 2861 Adelph.
950 2789 999 2834 vs.
1019 2762 1113 2859 296,
1131 2761 1228 2834 lectio
1248 2789 1321 2861 quae

252 2893 322 2964 est,
335 2881 446 2949 Natoe
459 2893 569 2948 tantoe
581 2901 643 2972 pro
661 2879 744 2945 Ere
763 2889 851 2944 nata
864 2869 1001 2966 mlgnri

307 2985 479 3055 Secundus
497 2985 578 3053 mihi
599 2981 686 3053 Guel
688 2980 847 3074 serbytan.
868 2976 1004 3046 codex
995 3001 1031 3046 ιιι
1050 2977 1089 3063 4”
1106 2992 1174 3065 est,
1192 2977 1248 3046 vix
1264 2976 1320 3048 ali·

253 3117 376 3188 quare
399 3106 518 3186 prater
535 3091 678 3160 formam
704 3086 886 3180 insignitus.
908 3083 1019 3152 Habet
1042 3105 1062 3150 a
1092 3107 1193 3153 manu
1213 3083 1320 3152 aliena

253 3199 359 3268 multa
376 3201 497 3292 passim
516 3195 684 3266 contextui
700 3191 881 3261 verborum
895 3191 1139 3285 superscripta,
1153 3188 1257 3259 multa
1273 3192 1321 3258 in·

252 3321 360 3394 serta,
387 3303 492 3373 multa
524 3301 653 3388 addita,
674 3295 780 3366 multa
802 3296 918 3392 glossis
943 3299 1139 3366 intermixtis
1170 3296 1317 3365 confusa.

251 3413 345 3500 Quas
360 3433 441 3480 vero
459 3409 514 3479 hic
530 3407 685 3478 lectiones
703 3427 771 3472 noa
797 3402 1055 3474 contemnendas
1072 3403 1242 3490 exhibeat,
1263 3425 1317 3478 eas

252 3517 431 3612 Catalogus
450 3531 562 3586 noster
576 3535 636 3582 suo
657 3533 805 3606 quasque
821 3510 895 3579 loco
908 3509 1075 3577 indicabit.

302 3627 450 3693 Transeo
468 3621 511 3691 ad
522 3621 676 3704 tertium,
692 3617 748 3711 qui
764 3619 906 3711 scriptus
924 3627 1006 3682 esta
1025 3613 1153 3682 duabus
1165 3613 1317 3682 manibus

249 3730 402 3820 diversis,
419 3751 559 3848 quarum
578 3723 712 3793 alterius
732 3721 917 3816 sphalmata
935 3743 993 3788 seu
1010 3728 1146 3815 peccata
1174 3743 1194 3787 a
1221 3719 1318 3788 tertia

249 3861 350 3907 manu
369 3849 520 3907 correcta
538 3834 650 3901 insunt
666 3851 766 3923 supra
780 3825 892 3894 lineas.
906 3825 960 3894 De
970 3825 1036 3895 hoc
1050 3825 1184 3911 codice,
1198 3825 1315 3919 s1quid

248 3943 377 4038 planius
398 3939 626 4012 disserendum
641 3933 834 4017 videatur,
825 3955 860 4000 m
881 3930 971 4001 aliud
992 3947 1125 4028 tempus
1149 3877 1314 4000 differam.

248 4049 413 4122 Ultimum
436 4067 662 4116 commemoro
683 4036 889 4132 Guelferbyt.
915 4037 1057 4127 librum,
1080 4061 1179 4133 quem
1208 4036 1314 4107 debeo
