3000 4866
276 387 373 434 xxxrr
639 363 989 434 DISSERTATIO

327 497 362 565 Si
382 492 513 564 aLaelio
527 507 561 564 et
577 496 732 589 Scipione
746 498 868 591 scripta
888 496 1002 567 fuisset
1015 495 1138 586 fabula,
1152 497 1193 566 de
1211 521 1277 592 qua
1288 497 1343 568 illa

274 604 507 696 excerpsimus,
523 616 612 670 certe
623 601 721 670 iidem
735 601 910 697 prologum
927 606 1142 698 scripsissent.
1154 608 1244 674 Num
1261 629 1342 674 vero

277 707 357 776 tales
376 708 436 775 viri
459 710 503 776 ita
523 707 698 802 magnifice
713 709 755 778 de
777 733 811 778 se
830 709 1011 803 praedicare
1029 712 1099 780 ausi
1113 709 1342 800 essentlQuo·

277 813 377 883 inodo
397 813 468 884 fieri
487 815 661 909 potuisset,
674 829 713 883 ut
733 830 926 909 paterentur
935 819 1125 886 Terentium
1147 842 1217 886 rem
1240 817 1341 886 talem

274 919 444 1006 confiteri,
468 922 495 989 si
515 923 576 1015 ipsi
595 944 710 989 revera
729 920 848 990 fabulae
865 922 1002 992 fuissent
1018 936 1182 1009 auctores,
1199 938 1233 992 et
1251 925 1279 991 si
1297 924 1341 992 fa·

274 1024 426 1094 bularum
441 1013 640 1121 scriptorum
656 1051 777 1095 nomen
789 1028 1015 1099 erubuissent?
1033 1032 1092 1098 Est
1106 1030 1207 1122 igitur
1218 1053 1338 1122 agnos·

274 1132 414 1200 cendum
435 1135 468 1202 in
490 1133 551 1202 illis
567 1134 715 1202 versibus
736 1131 862 1202 nullum
881 1134 980 1203 alium
998 1137 1059 1204 nisi
1080 1137 1270 1203 Terentium
1294 1134 1340 1203 lo·

273 1241 348 1332 qui;
369 1241 459 1333 atqui
484 1240 517 1307 in
543 1239 594 1309 his
616 1239 764 1308 versibus
785 1241 812 1309 is
833 1265 901 1308 non
920 1240 1000 1310 dicit
1022 1267 1057 1310 se
1073 1265 1091 1309 a
1107 1243 1254 1334 patronis
1275 1242 1340 1310 suis

274 1343 373 1414 fuisse
399 1347 433 1412 in
456 1371 556 1439 opere
580 1345 744 1437 adjutum3
769 1345 811 1414 de
832 1347 896 1416 hac
923 1372 976 1432 re,
997 1346 1193 1416 adulationis
1221 1371 1340 1432 causa,

273 1449 370 1544 plane
390 1449 478 1535 silet,
508 1466 682 1522 contentus
707 1451 924 1522 declaravisse
945 1478 1045 1548 quam
1068 1451 1221 1523 benevoli
1242 1454 1276 1521 in
1305 1479 1339 1522 se

273 1557 380 1650 ipsum
402 1559 593 1628 exstiterint.
611 1560 712 1628 Poeta
729 1559 841 1654 igitur,
857 1558 977 1629 talibus
990 1560 1099 1630 verbis
1115 1583 1211 1645 usus,
1224 1584 1338 1628 exem·

271 1661 364 1756 plum
378 1678 509 1733 secutus
522 1680 571 1734 est
583 1667 780 1759 scriptorum
790 1667 845 1760 qui
855 1720 865 1754 ,
874 1680 1067 1760 postquam,
1077 1691 1177 1760 opera
1191 1668 1339 1760 patronis

270 1770 337 1837 suis
355 1773 595 1860 recitaverunt,
612 1770 721 1866 palam
738 1771 938 1866 profitentur
956 1797 990 1841 se
1008 1770 1069 1842 illis
1084 1775 1227 1868 propriae
1238 1771 1339 1840 famae

271 1890 399 1967 partem
417 1876 545 1948 debere.

324 1983 357 2051 Si
365 1985 477 2078 opinio
495 1999 609 2055 nostro
625 1985 753 2055 auctori
766 2000 833 2054 tam
858 1985 1094 2056 contumeliosa
1121 2007 1173 2053 res
1195 1997 1285 2052 certa
1305 1997 1338 2052 et

267 2111 349 2158 vera
357 2089 481 2175 fuisset,
494 2094 520 2162 si
527 2094 672 2161 Terentii
683 2117 799 2162 versus
810 2091 908 2162 modo
917 2095 1007 2162 citati
1014 2107 1171 2186 tanquam
1184 2113 1338 2185 expressa

270 2195 432 2266 confessio
450 2199 555 2268 habiti
573 2207 696 2284 essent,
717 2199 885 2292 quomodo
904 2198 1056 2268 malevoli
1083 2195 1181 2266 talem
1209 2194 1339 2264 confes-

268 2300 392 2369 sionem
416 2305 451 2372 in
475 2307 583 2398 ipsum
606 2319 798 2398 retorquere
816 2303 1053 2398 neglexissent?
1080 2305 1170 2372 Num
1200 2303 1337 2370 Porcius

268 2403 321 2474 ille
336 2409 391 2499 qui
413 2409 586 2501 injuriosos
605 2412 640 2479 in
650 2411 840 2479 Terentium
862 2435 976 2480 versus
996 2409 1159 2491 ediderat,
1178 2408 1339 2501 potuisset

268 2509 339 2580 haec
359 2511 402 2579 de
422 2537 463 2581 eo
483 2514 643 2584 scribere:

344 2681 356 2708 c
373 2655 452 2716 Nihil
465 2659 584 2720 Publius

341 2752 437 2828 Scipio
451 2756 577 2829 proluit,
593 2754 665 2813 nihil
679 2757 706 2813 ei
718 2756 836 2827 Laelius,
854 2755 928 2812 nihil
943 2753 1063 2826 Furius,

342 2851 414 2908 Tres
425 2871 478 2926 per
489 2850 565 2910 idern
577 2864 688 2928 tempus
702 2852 753 2928 qui
767 2850 916 2928 agitabant
933 2850 1045 2909 nobiles
1060 2835 1205 2908 facillime

342 2953 451 3008 Eorum
462 2949 511 3008 ille
522 2970 608 3026 opera
619 2969 657 3008 ne
671 2949 790 3008 domum
806 2948 925 3027 quidem
937 2947 1040 3008 habuit
1056 2946 1262 3006 conductitiam
1275 2969 1282 3002 :

348 3051 456 3108 Saltem
470 3059 503 3106 ut
516 3061 590 3106 esset
604 3067 664 3125 quo
679 3047 800 3106 referret
816 3045 928 3106 obitum
943 3045 1054 3105 domini
1069 3044 1224 3104 servulus.»

297 3201 466 3266 Hactenus
474 3193 663 3290 opinionem
672 3215 771 3288 quam
780 3194 1024 3286 impugnamus,
1032 3188 1179 3278 refellere
1189 3190 1335 3258 contenti

247 3315 377 3374 'sumus
388 3299 564 3370 asserendo
578 3322 793 3394 quiscumque
808 3311 885 3367 sunt
897 3295 1083 3367 verisimilia
1094 3311 1128 3365 et
1142 3293 1333 3391 probabilia.

262 3411 363 3480 Nunc
376 3409 525 3478 venimus
540 3405 582 3474 ad
596 3405 782 3476 testimonia
793 3404 1034 3500 ejusmodique
1049 3399 1287 3472 malevolorum
1302 3414 1336 3468 et

263 3517 411 3586 omnium
427 3513 484 3610 qui
499 3537 555 3582 eos
569 3514 674 3582 secuti
685 3526 763 3582 sunt
776 3512 880 3580 verba
891 3510 1109 3606 perfringunt.
1126 3507 1334 3600 Praecipuum

263 3636 378 3692 testem
399 3623 592 3691 invocamus
609 3619 718 3688 virum
736 3616 883 3701 clarum,
900 3616 1044 3686 Tullium
1063 3612 1203 3698 scilicet,
1217 3613 1274 3705 qui
1288 3613 1336 3680 ite

263 3728 305 3798 ad
321 3729 468 3798 Atticum
493 3725 633 3796 scribit:
660 3726 881 3808 «Terentius,
906 3723 1000 3816 cujus
1025 3719 1169 3806 fabellae,
1193 3731 1334 3813 propter

261 3834 456 3930 elegantiam
475 3833 653 3920 sermonis,
669 3831 873 3926 putabantur
889 3854 909 3898 a
923 3830 1006 3899 Caio
1025 3824 1126 3898 Laelio
1146 3825 1243 3896 scribi
1259 3822 1304 3891 ¹.»

302 4053 325 4088 r.
343 4039 393 4109 Ep.
408 4034 443 4090 ad
456 4033 717 4098 attinentium,
733 4051 776 4105 ep.
794 4032 830 4097 3,
847 4031 1002 4086 sublinere.
