2996 4852
396 399 582 466 aeaut.
612 399 719 466 ter.
747 399 781 483 1,
808 397 877 465 se.
906 398 932 463 1.

1056 379 1061 399 ’
1115 395 1190 491 329

129 535 180 600 lta
199 531 284 600 facio
304 555 460 624 prorsus:
480 528 526 598 nil
547 530 696 624 relinquo
715 531 748 598 in
770 529 911 612 sedibus,
1157 560 1193 601 tn

129 641 200 706 Nec
217 661 288 722 vas,
303 661 364 705 nec
384 639 638 722 vestimentum3
656 637 785 704 conrasi
803 638 922 704 omniu.

128 741 286 826 Ancillas,
301 767 430 830 servos,
445 744 507 810 nisi
526 769 582 812 eos
604 743 660 837 qui

680 767 781 836 opere
799 743 923 810 rustico

132 849 298 918 Faciundo
319 849 413 918 facilc
431 863 598 944 sumptum
618 862 808 918 exercerent
825 873 938 936 suurn,

131 958 256 1024 Omnes
274 955 414 1050 produxi
429 980 467 1024 ac
484 955 635 1040 vendidi3'
650 955 799 1049 inscripsi
817 953 904 1022 illico

131 1062 228 1132 AEdes
248 1062 414 1150 mercede3
428 1064 521 1156 quasi
539 1060 660 1131 talenta
678 1061 719 1130 ad
736 1061 925 1155 quindecim

174 1269 238 1328 140.
262 1264 304 1315 Ita
316 1264 388 1329 facio
401 1283 500 1334 prorsas
514 1255 577 1316 r'nil
592 1263 635 1316 rel.

131 1344 181 1396 Ms.
195 1343 282 1397 Graev.
290 1362 388 1414 prorsus
401 1344 476 1408 niltil,
490 1344 638 1396 eto-Ita

126 1425 196 1490 faeie
204 1442 310 1493 prorsus,
330 1423 394 1475 «sic
412 1422 524 1475 omnino
540 1423 590 1474 leci
607 1433 638 1476 ut

132 1503 315 1573 cogitaveram.
327 1529 338 1550 ι
356 1500 479 1556 Ostendit
490 1521 546 1556 rem
559 1503 638 1554 verba

133 1593 248 1634 secutam
259 1583 346 1634 fuisse.

176 1668 239 1724 141.
260 1662 312 1714 Nee
330 1681 389 1726 arus,
404 1681 446 1712 nec
464 1665 638 1714 vestimentem.

133 1743 272 1795 Vocabant
281 1742 355 1794 latini
368 1761 425 1792 vasa
435 1743 522 1793 omnis
533 1741 635 1813 generis

130 1821 329 1893 supellectilem.
346 1853 385 1863 --
405 1821 589 1886 Vestimentum,
610 1821 638 1872 h·

133 1921 155 1952 e.
170 1919 224 1954 non
238 1913 322 1952 vestes
341 1903 425 1952 solum
436 1939 444 1964 ,
457 1900 502 1952 sed
520 1913 546 1953 et
573 1913 639 1953 etra-

132 1980 222 2050 gulas,
238 1992 344 2050 tapetes.
366 1975 411 2031 Cf.
432 1981 501 2033 infra
521 1987 588 2048 904.
601 2009 639 2020 -

135 2060 330 2111 Conrasiomrtr'c.
339 2059 439 2129 Collegi
449 2061 572 2110 universa
582 2077 640 2128 quae

133 2137 285 2191 venderem.
299 2168 340 2177 —
354 2138 445 2202 Quum
461 2137 550 2190 dicere
565 2138 641 2190 volu·

134 2235 208 2282 mua,
228 2218 342 2287 aliquem
363 2217 431 2268 nihil
455 2217 565 2268 omnino
588 2229 640 2269 tum

134 2315 246 2366 parrum
267 2295 404 2366 reliquisse
426 2315 456 2348 ex
477 2297 557 2348 rebus
573 2297 641 2360 atris,

134 2375 208 2446 quod
215 2395 269 2428 nou
279 2376 439 2436 alienaverit,
446 2374 643 2440 rectedieituus,

134 2461 214 2507 omnia
227 2459 347 2519 commit,
360 2456 434 2526 quasi
453 2457 531 2508 etiam
550 2457 643 2508 raserit

135 2535 271 2606 parietem.
289 2535 377 2605 Calplr.

177 2622 241 2679 142.
261 2615 340 2685 Opere
354 2619 451 2668 rrtstico.
469 2615 597 2678 Linaoer,
617 2619 643 2667 ia

134 2714 203 2764 opere
214 2713 235 2746 r.
246 2697 335 2750 West.

177 2775 241 2837 143.
257 2777 410 2834 Exercereat.
431 2775 495 2828 Non
518 2775 643 2829 convenit

136 2854 207 2906 inter
221 2853 392 2925 interpretes,
407 2867 541 2906 exercerent
554 2856 642 2925 legen·

136 2931 201 2986 dum
222 2939 267 2998 sit,
282 2952 316 2985 an
338 2947 469 2988 exerceant.
492 2936 643 3006 Utrumque

136 3025 176 3065 est
187 3013 215 3065 iu
225 3011 286 3064 Mss-
301 3025 328 3065 et
338 3013 416 3066 editis
428 3015 564 3085 probatius.
577 3016 643 3067 Pos-

138 3093 171 3145 sit
187 3105 215 3145 et
232 3106 341 3144 exercent
359 3093 419 3164 legi.
440 3095 538 3148 llluret.
554 3099 644 3147 exerci-

137 3185 197 3225 rent.
217 3173 316 3242 Guyet.
331 3177 472 3226 cntercirertt
485 3209 493 3234 ,
508 3173 536 3224 lt.
556 3193 581 3227 e.
601 3193 644 3226 re·

136 3253 277 3315 sarcirent,
298 3265 448 3322 pensarent.
470 3251 548 3318 Quod
569 3253 644 3306 exhi·

136 3333 200 3385 bent
222 3332 350 3398 Bothins,
368 3333 510 3386 Bentleius.
524 3333 644 3386 Wester·

136 3411 234 3466 hovius
255 3411 358 3467 indicet
375 3413 539 3466 Koekertum
561 3412 587 3464 in
608 3413 647 3464 in-

137 3489 196 3544 dice
213 3493 298 3564 legere
327 3495 405 3545 vietus
427 3503 566 3544 exercerent.
592 3492 646 3544 Alii

137 3569 252 3643 denique
273 3585 429 3644 proponunt
451 3575 585 3637 exercitent,
602 3573 645 3625 vel
671 3569 672 3572 ¹

137 3657 274 3704 exercitent.
291 3683 329 3695 -
344 3651 467 3723 Serapeum
481 3664 614 3704 exercerent
623 3671 644 3705 s·

141 3733 375 3784 «Demererentnr
399 3733 529 3804 impensas
554 3751 641 3786 suas.-

139 3809 240 3863 Eadem
251 3812 350 3864 locutio
361 3812 513 3876 invenitur,
523 3824 553 3864 ut
560 3811 643 3865 adno-

137 3903 175 3943 tat
190 3892 309 3944 Turneb.
325 3891 394 3961 apud
412 3893 470 3944 Div.
488 3893 580 3947 Ambr.
595 3893 643 3944 Ol·

137 3969 182 4023 fic.
198 3989 230 4022 n.
246 3997 257 4018 ι
267 3969 320 4022 Sed
333 3969 482 4042 direptione
495 3973 606 4042 alicujus
618 3985 645 4026 et

138 4051 275 4104 amissione
289 4051 444 4122 patrimonii
459 4053 487 4104 in
500 4068 557 4104 eatn
571 4069 643 4104 reee-

1137 1069 1190 1137 'nli

682 1259 745 1316 dere
756 1261 880 1332 injuriam
889 1273 916 1314 et
924 1275 1059 1334 sumptum
1069 1281 1192 1317 exercere

681 1361 736 1394 non
762 1355 871 1412 queat.»
899 1340 927 1393 Si
947 1341 1012 1411 legis
1035 1360 1042 1394 :
1069 1343 1191 1414 Scriptum

682 1426 826 1486 eeercirerrt,
839 1421 955 1491 explica,
964 1441 1034 1492 opere
1045 1443 1088 1474 stro
1106 1427 1193 1494 impert·

684 1521 724 1552 aar
743 1501 833 1552 domini
849 1513 977 1571 pensarent
996 1514 1020 1553 et
1040 1505 1190 1554 resarcirent.

682 1581 710 1633 Si
735 1581 857 1634 malueris
880 1600 940 1633 curn
963 1582 1081 1635 Dacieria
1103 1588 1193 1634 nictum

682 1673 829 1723 exercerent,
859 1660 991 1732 intellige,
1014 1663 1060 1732 qui
1085 1673 1190 1732 possent

683 1759 764 1811 opere
779 1739 900 1792 faciendo
917 1741 1013 1792 lucra'ri
1030 1741 1101 1794 unde
1120 1744 1191 1794 vive·

685 1831 760 1884 rent3
775 1832 800 1872 et
813 1819 899 1871 lirmat
909 1839 1013 1872 sensum
1024 1820 1122 1872 locutio
1131 1841 1193 1891 grae·

683 1919 713 1952 ca
721 1918 735 1950 e
743 1899 921 1968 Xenophonte
928 1937 936 1963 ,
943 1917 1022 1969 quarn
1030 1901 1092 1952 citat
1102 1903 1195 1954 doctis-

683 1979 748 2032 sima
770 1978 878 2041 Mulier,
900 1981 1008 2031 latrastis
1022 1979 1055 2031 τὰ
1069 1981 1193 2038 εἰσιόντα,

684 2059 794 2110 laborare
809 2059 918 2108 victum.

728 2144 792 2201 adl.
802 2136 912 2188 Produxi
916 2175 924 2199 ,
936 2137 1043 2207 publice
1052 2139 1194 2210 proposui,

685 2236 781 2288 nempe
791 2217 903 2268 venales.
915 2217 1039 2270 Eunuch.
1054 2219 1107 2280 134
1118 2256 1125 2282 ,
1135 2237 1192 2288 pag.

691 2304 752 2367 147.
760 2325 800 2337 -
808 2299 921 2366 Inscripti
931 2297 996 2348 illico
1009 2297 1071 2348 rudes
1084 2299 1195 2349 mercede.

690 2377 845 2430 «Declaravi
856 2377 976 2448 protinus
987 2375 1097 2428 domum
1112 2396 1196 2428 meam

686 2475 742 2509 esse
751 2457 885 2516 venalem,
899 2475 1035 2527 apponens
1045 2457 1196 2526 inscriptio·

687 2555 748 2588 nem
764 2534 796 2588 ad
814 2538 891 2588 fores.
904 2561 914 2580 ι
932 2537 999 2589 Vult
1013 2537 1194 2606 Engraphius,

686 2617 843 2668 locationem
867 2615 925 2678 hic,
943 2635 998 2668 non
1015 2615 1195 2668 venditionem

686 2695 811 2766 intelligi3
827 2693 872 2748 sed
887 2708 919 2748 ut
937 2694 1048 2748 adnotat
1063 2697 1196 2760 Dacieria,

686 2775 814 2846 grandior
836 2788 873 2827 est
893 2775 1017 2846 pecunia,
1038 2793 1117 2845 quam
1137 2795 1196 2846 quae

687 2875 719 2908 ex
734 2853 815 2908 domo
825 2867 929 2908 tantum
944 2856 1028 2908 locata
1043 2856 1125 2925 possit
1136 2873 1196 2926 per·

690 2934 755 3006 cipi.

735 3015 799 3079 145.
816 3017 895 3068 AEdes
908 3015 1027 3080 mercede,
1042 3027 1091 3068 etc.
1105 3017 1199 3070 Bembi

687 3095 824 3148 collocatio
842 3109 868 3148 et
888 3094 1023 3148 distinctio
1045 3097 1122 3148 simul
1144 3109 1199 3161 est,

688 3175 803 3245 Inscripti
825 3177 890 3227 illico
917 3176 1007 3227 AEdeir
1032 3195 1042 3228 ,·
1069 3177 1195 3227 mercedem

689 3259 759 3326 quasi
771 3256 875 3320 talenta,
891 3267 941 3308 etc.
956 3256 986 3308 C.
1000 3255 1034 3307 G.
1048 3275 1085 3307 m.
1098 3268 1124 3321 et
1140 3257 1198 3308 Hal.

690 3335 800 3387 mercede.
808 3335 897 3388 Guell'.
912 3353 940 3398 a,
953 3336 1044 3387 talenta
1055 3335 1200 3407 quindecim,

690 3414 788 3485 absque
809 3419 884 3486 quasi.
903 3445 943 3454 -
960 3417 1040 3484 Quasi
1060 3415 1151 3466 talenta
1169 3415 1204 3467 ad

690 3493 821 3564 quindecim
835 3497 911 3562 coegi.
924 3495 1060 3564 Intellige,
1072 3496 1200 3566 «collegi,

688 3572 789 3644 redegi,
799 3591 830 3626 ex
844 3573 952 3636 aedibus,
965 3575 1055 3636 servis,
1068 3587 1117 3626 etc.
1127 3593 1205 3639 ,sum-

689 3669 759 3705 mam
774 3672 833 3724 qun
847 3651 985 3706 accedebat
996 3653 1050 3706 lere
1064 3655 1100 3706 ad
1109 3652 1203 3725 quind.

689 3733 756 3785 tal.-
784 3735 819 3785 Et
839 3733 895 3784 htec
917 3751 1016 3786 summa
1040 3735 1201 3787 talentorum

691 3824 861 3884 representat
876 3812 982 3865 circiter
1001 3813 1106 3883 37,550
1123 3815 1203 3866 libras

688 3892 811 3946 Gallicas.
828 3893 871 3945 Cl.
883 3905 1005 3944 ceterum
1022 3892 1056 3944 ad
1068 3894 1200 3946 Tabulam

689 3985 854 4025 monetarum
888 3972 1030 4042 subjectam
1067 3974 1095 4025 in
1131 3974 1201 4025 calce

688 4053 765 4106 Mart.
780 4053 832 4107 vol.
849 4055 876 4119 1,
892 4053 972 4122 hujus
986 4066 1080 4105 nostrae
1094 4051 1157 4106 edit.
