3014 4860
450 369 638 438 untur.
666 369 776 441 tor.
806 373 850 458 v,
876 371 946 440 sc.
974 371 1002 438 1.
1179 375 1248 457 tt..

184 509 274 578 Cmt.
288 501 532 595 Quamobrem,
549 505 670 575 nescio.
687 505 783 578 Mnu.
799 502 963 598 Equidem
981 504 1102 594 miror,
1118 505 1175 600 qui
1191 505 1255 576 alia
1283 555 1286 562 -

149 679 150 684 ,
343 625 412 680 tam
430 608 529 705 plane
547 611 638 681 scias.

183 718 248 790 Sed
268 718 323 789 ille
340 732 435 788 tuum
454 741 586 812 quoque
601 721 704 812 Syrus
721 717 808 786 idem
828 718 912 786 mire
932 717 1029 787 finxit
1048 713 1173 804 filium,

181 829 230 895 Ut
251 853 294 896 ne
313 823 486 922 paululum
505 823 638 919 quidem
660 823 809 913 subolet,
828 849 898 894 esse
921 827 1062 895 amicam
1080 823 1251 896 hanc-Cli·

181 1041 272 1109 Cute.
295 957 477 1129 Qgffis!
502 1038 597 1107 Meu.
621 1039 721 1124 Mitto
740 1040 810 1132 jam
830 1036 973 1108 osculari
998 1053 1098 1134 atque
1119 970 1253 1134 amplii-⁰

339 1146 431 1229 nari,
448 1144 482 1213 id
500 1142 547 1212 nil
564 1159 656 1239 puto.
961 1183 966 1202 ·

179 1251 269 1321 Cur.
286 1252 377 1341 Quid
392 1266 459 1338 est,
472 1249 564 1346 quod
577 1249 718 1346 amplius
731 1249 924 1321 simuletur?
939 1252 1035 1321 Mutt-
1050 1247 1144 1322 vah!
1158 1253 1248 1323 Cnu.

340 1357 431 1447 Quid
453 1344 526 1427 est?
545 1359 641 1429 Meu.
666 1339 751 1426 Aridi
771 1356 896 1428 modo:

178 1465 239 1533 Est
256 1465 339 1533 mihi
357 1466 392 1534 in
411 1462 536 1535 ultimis
555 1462 714 1534 conclave
732 1463 857 1535 aedibus
880 1462 1048 1559 quoddam
1069 1479 1170 1536 retro.
1217 1518 1219 1524 -

177 1647 361 1719 Clitiphonem
379 1660 469 1702 eutem
489 1648 600 1703 minime
617 1648 693 1702 sesti·
738 1647 810 1701 enim
820 1648 998 1702 Menedemus
1010 1648 1147 1704 Chremeti
1157 1651 1248 1704 refert.

175 1746 257 1794 nare,
281 1730 521 1783 consentaneum·
542 1728 615 1783 lllud
636 1747 691 1782 uon
776 1747 843 1798 9⁰⁰·
858 1727 967 1782 Sudolat.
981 1728 1026 1783 sic
1040 1742 1138 1784 veteru.
1156 1729 1245 1785 Codd.

175 1807 256 1877 plone
271 1826 381 1874 verum
395 1827 457 1861 nem
473 1808 558 1878 Syrus
573 1828 630 1862 non
641 1827 690 1862 au·
734 1807 812 1862 Bent.
830 1808 910 1864 Unus
924 1808 1031 1872 subolem
1046 1809 1135 1863 ceteri
1153 1828 1247 1864 omnes

174 1884 234 1940 dire
245 1885 339 1940 debuit
349 1906 409 1959 quie
419 1887 547 1942 dicuntur
558 1907 618 1942 ere.
631 1897 686 1958 9⁴1
733 1887 850 1941 euboicae.
862 1921 903 1932 —
917 1889 950 1942 Ut
961 1909 990 1940 ne
1001 1889 1087 1958 paul,
1101 1891 1245 1961 ethunge

174 1965 210 2019 ud
226 1969 290 2036 950.
338 1961 341 1968 '
733 1984 796 2020 cunt
808 1971 922 2032 miro‚et
933 1965 1157 2040 explicu:=dnxit
1166 1969 1244 2034 mire,

216 2049 284 2116 898.
309 2048 470 2118 Quamobrem
486 2087 494 2112 ‚
520 2053 613 2114 κασία,
635 2061 688 2104 etc.
733 2045 799 2100 edeo
811 2060 858 2113 ut,
873 2060 940 2102 eto·
953 2044 1113 2100 -Sudolat
1121 2049 1243 2101 Verbum

174 2127 252 2180 Bent.
272 2145 366 2180 vocem
392 2131 470 2180 nescio
485 2127 624 2182 Chremeti
641 2125 688 2181 ud·
731 2125 800 2196 illud
813 2127 893 2180 etiam
902 2127 980 2181 tertia
991 2126 1178 2198 conjugatione
1187 2128 1243 2180 Ve·

173 2206 310 2278 signavit,
344 2221 376 2261 ut
410 2226 520 2262 omnem
551 2209 687 2262 tententiae
731 2219 801 2260 teret
825 2206 934 2272 dixere,
952 2219 983 2259 ut
996 2206 1063 2271 out,
1082 2207 1158 2260 olant.
1175 2207 1242 2260 Feb.

172 2303 301 2340 venerem
327 2288 487 2342 restitueret.
518 2290 559 2340 Ite
579 2307 687 2359 quoque
730 2287 812 2340 '1⁷hee.
826 2319 867 2329 —
884 2287 1012 2341 Treetnm
1036 2306 1052 2340 e
1072 2305 1151 2340 censu
1174 2286 1243 2341 odo-

172 2365 245 2419 Perl.
268 2367 347 2420 Both.
368 2368 446 2440 Legit
465 2367 523 2440 Bip.
545 2368 578 2438 Q.
599 2372 687 2422 nucib.
729 2365 816 2420 rendi.
837 2367 873 2419 Et
885 2367 945 2432 suh,
959 2366 998 2419 ibi
1013 2366 1126 2431 minuit;
1138 2364 1168 2419 id
1187 2380 1242 2432 cet,

172 2445 252 2498 Mna·
265 2448 358 2518 Equiu'.
375 2461 398 2500 te
410 2451 500 2514 miror,
515 2468 540 2521 q.
551 2467 576 2500 a.
592 2459 611 2500 t.
623 2467 650 2518 p.
664 2470 685 2500 r.
728 2459 759 2498 ut
772 2465 822 2500 nec
842 2447 923 2500 etiem
939 2446 1088 2518 pauxillum
1098 2460 1239 2518 appareat,

172 2539 201 2579 et
212 2537 303 2592 notat,
319 2526 403 2581 «illud
416 2527 460 2580 sed
471 2527 524 2580 hoc
538 2527 600 2580 loco
615 2528 686 2581 mule
729 2526 868 2588 renuatur.
878 2526 907 2580 id
916 2526 1019 2580 scilicet
1029 2523 1103 2598 qnod
1110 2525 1239 2597 requitur.

171 2606 321 2678 ingestum,
333 2626 417 2679 quum
434 2627 473 2680 sq.
490 2626 580 2660 versuo
593 2605 686 2661 adver·
769 2605 835 2675 901'2
850 2607 933 2660 Mitto.
948 2607 1030 2678 Vulg.
1042 2610 1134 2659 omino.
1148 2606 1238 2661 Guelf.

171 2699 254 2742 retur.
265 2712 277 2735 ι
292 2688 377 2741 Zeun.
398 2687 495 2753 hebet,
512 2689 685 2760 quomobrem?
729 2693 760 2752 3,
773 2689 875 2740 mittam.
889 2721 930 2732 —
945 2687 1015 2757 Quid
1025 2689 1079 2738 ais!
1092 2686 1238 2748 Metuentio

170 2765 248 2821 Mu.
262 2767 367 2830 Nescim-
386 2769 464 2840 equid.
485 2771 567 2828 mitur,
591 2788 632 2840 qur
658 2789 682 2822 o.
728 2779 768 2820 eut
787 2768 870 2840 mugio
890 2785 971 2839 quam
990 2766 1187 2837 interrogantis.
1200 2797 1240 2810 -··

172 2859 191 2900 e.
209 2867 236 2918 p.
255 2867 275 2899 s.
297 2877 337 2890 -
361 2848 540 2918 Quamobrem,
565 2850 683 2921 supple:
727 2847 815 2912 Mitto,
829 2862 879 2902 eto.
894 2847 998 2901 Omitto
1010 2846 1186 2901 osculationer
1201 2859 1239 2899 nt·

170 2927 235 2978 nibil
249 2929 320 2998 petiit
327 2933 343 2978 fl
350 2959 389 2972 --
400 2929 520 3001 Equidem
530 2933 618 2994 mirer,
630 2942 681 2982 etc.
727 2946 781 2998 que
801 2929 940 3001 amplexus
957 2926 1118 2999 Clitiphonis
1133 2939 1160 2979 et
1174 2926 1240 2980 Buc-

170 3006 256 3060 Miror
280 3006 390 3059 interitn
416 3019 458 3073 te,
485 3007 533 3079 qui
558 3011 684 3081 Lynceus
726 3005 820 3060 chidie.
841 3039 870 3050 -
887 3007 921 3060 td
934 3009 972 3058 nil
980 3019 1051 3078 puto.
1067 3007 1111 3060 Sc.
1126 3006 1155 3058 in
1168 3024 1241 3060 cont·

171 3086 238 3140 ulter
252 3099 307 3141 torn
319 3100 427 3140 acutum
441 3088 529 3140 cernis
541 3089 624 3140 aliena
639 3107 683 3140 ar·
725 3088 864 3158 paratione
872 3087 981 3140 illorum
989 3105 1048 3158 quie
1056 3099 1217 3158 sequuntur.

171 3185 252 3233 canu,
265 3181 295 3222 ut
308 3167 374 3221 ecies
389 3185 470 3238 quam
487 3166 538 3219 filii
555 3169 609 3221 mei
621 3168 681 3220 vul·
766 3185 833 3236 9⁰²·
848 3167 970 3238 Guyetus
984 3167 1059 3238 legit,
1068 3167 1144 3220 Muri.
1159 3165 1237 3217 Vult!

171 3259 229 3300 tutu
242 3247 350 3301 finxerit
363 3248 462 3319 Syrus,
477 3247 505 3299 in
524 3247 604 3300 rebus
620 3266 682 3319 pro·
728 3247 798 3313 Quid
811 3241 867 3300 estt'
880 3247 953 3301 Audi·
965 3247 1053 3300 modo?
1063 3243 1236 3316 improbante

170 3327 237 3399 priie
260 3329 288 3378 in
308 3339 412 3411 tuntum
436 3337 492 3381 eece
515 3327 630 3398 talpam,
651 3339 682 3380 ut
724 3326 899 3382 Weeterhov.
912 3357 951 3369 -
967 3325 1037 3396 Quid
1047 3339 1084 3388 est
1097 3319 1163 3397 qudd
1172 3343 1236 3396 amp.

170 3425 227 3460 non
246 3405 336 3460 videns
352 3405 477 3461 eumdem
490 3407 588 3480 Syrum
603 3419 681 3460 tuum
724 3408 803 3460 simul.
815 3408 970 3460 Perseverat
978 3403 1088 3458 credere
1100 3403 1235 3464 simulari,

170 3503 281 3558 quoque
292 3485 383 3542 ,fitium
402 3500 457 3541 tum
475 3488 543 3540 mire
559 3486 681 3554 finxisse,
723 3505 779 3540 non
788 3505 882 3540 verum
895 3483 962 3538 illud
973 3502 1085 3538 esce.-·-
1097 3483 1164 3538 Vat.
1173 3485 1236 3538 Vox

169 3578 201 3618 ut
214 3567 265 3618 tibi
277 3561 442 3638 glaucumam
456 3568 492 3621 ob
506 3567 598 3620 oculos
611 3566 681 3639 obji·
724 3566 771 3620 illa
783 3567 838 3620 risu
850 3563 1002 3618 Menedemi
1022 3564 1169 3630 attollitur,
1188 3565 1236 3635 qui

168 3645 433 3708 ceret,nediecernas
441 3645 603 3701 Bacchidem
610 3648 680 3700 hunc
723 3647 854 3717 significet
872 3645 957 3698 multo
976 3645 1127 3716 plumesce
1145 3643 1236 3714 ignoto

167 3725 288 3779 eimuluri
309 3727 421 3780 amicum
438 3727 549 3793 cunia,
562 3745 618 3779 esse
637 3745 680 3780 re·
724 3725 870 3780 Chremeti.

167 3823 231 3860 vera
246 3805 416 3877 Clitiphonis.
430 3808 538 3860 Faruab.
765 3806 830 3877 903.
843 3805 943 3876 Guyet.
955 3805 991 3856 ob
1000 3823 1124 3869 versum,
1140 3803 1235 3854 concla-

165 3923 167 3930 >
210 3887 278 3956 899.
305 3884 356 3938 Sed
381 3886 431 3939 ille.
459 3887 523 3942 Hac
552 3887 682 3940 omittunt
726 3889 775 3950 vis,
790 3900 817 3940 et
833 3884 1029 3957 moxquoedam,
1043 3916 1082 3926 -
1096 3884 1127 3936 Io
1144 3883 1233 3936 ultimis

167 3965 270 4018 Erum.
280 3967 352 4019 ethi.
363 3968 496 4019 —Tuum
507 3966 559 4019 Alii
572 3978 681 4018 tuuc-
724 3967 835 4020 conclave
852 3965 951 4017 indibus.
966 3964 1043 4017 Both.
1064 3975 1091 4016 et
1106 3963 1162 4016 Alii
1179 3981 1235 4018 vor.

168 4045 265 4100 Finxit.
279 4046 321 4100 Cf.
329 4045 423 4117 fingit,
439 4066 478 4102 ve.
488 4047 607 4103 888.Par
620 4047 679 4118 peri
724 4047 817 4101 colloc.
828 4046 925 4100 Ultimis
931 4057 966 4097 est
976 4045 1035 4097 milri
1041 4044 1116 4096 couci.
1129 4047 1153 4096 in
1163 4043 1238 4097 aedtl.
