2890 4866
267 373 485 444 DANIELIS
512 369 683 440 HElNSll
711 371 1020 442 DlSSERTA'l'lO.
1077 397 1175 446 xcvii

103 507 169 578 dos
188 531 228 576 ac
249 505 374 602 figuras
394 505 592 601 lepidissime
621 507 789 600 expressit.
806 491 960 602 Denique
978 521 1014 578 ut
1032 524 1180 599 acetum,

103 616 169 683 nisi
200 615 314 682 vinum
345 615 388 682 sit
414 626 632 706 corruptum,
664 612 790 681 bonum
819 637 989 709 nunquam
1015 617 1092 702 erit;
1118 621 1180 708 ita,

103 745 181 815 quae
208 723 336 790 sincera
364 732 442 788 sunt
469 733 503 788 et
530 742 628 804 vera,
655 720 758 788 risum
785 743 954 814 nunquam
981 724 1182 796 excitabunt.

104 829 270 921 Apposite
286 825 534 916 Quintilianus,
549 825 607 894 ubi
626 824 667 893 de
683 824 861 894 Ridiculo:
878 829 942 895 «Et
954 827 1090 897 hercule
1106 857 1182 900 orn·

56 967 60 976 =
103 935 158 1002 nis
180 933 265 1002 salse
294 932 428 1002 dicendi
449 933 536 1002 ratio
559 933 593 1000 in
616 955 656 1000 eo
677 945 744 1016 est,
766 947 805 1000 ut
826 931 922 1000 aliter
942 955 1043 1028 quain
1063 951 1114 1007 est
1131 965 1182 1008 re·

104 1053 200 1108 ctum
219 1059 403 1134 verumque
423 1040 563 1108 dicaun.
576 1065 594 1102 ιι
612 1037 728 1126 Quare
745 1052 781 1107 et
795 1040 999 1133 compositus
1018 1040 1061 1110 ad
1080 1044 1182 1114 risum

104 1169 236 1232 sermo,
250 1146 293 1214 ab
306 1147 459 1215 oratione
470 1157 579 1227 recta,
590 1163 691 1237 quarn
706 1147 869 1220 πολιτικὴν
887 1147 1036 1241 magistri
1050 1168 1182 1239 vocant,

100 1277 208 1346 quain
226 1251 416 1347 longissime
429 1252 527 1320 abeat
542 1274 676 1320 necesse
686 1265 755 1338 est,
770 1250 865 1346 eujus
879 1254 1023 1348 propriae
1032 1255 1183 1347 virtutes,

100 1366 122 1432 al
153 1363 319 1450 captivato,
345 1365 364 1431 t
393 1358 595 1440 iniciatam
624 1357 809 1447 uigilarunt
838 1358 982 1443 ἀλήθεια,
1006 1365 1183 1456 perspicui-

102 1480 174 1549 tas,
194 1466 348 1560 aequitas,
370 1463 730 1559 simplicitas,reritas,
744 1477 924 1557 ponuntur.
939 1466 1016 1555 Qua
1036 1467 1070 1536 in
1084 1487 1180 1563 parte

102 1595 207 1666 supra
238 1570 489 1640 admirationem
516 1571 666 1639 omniurn
690 1570 876 1638 Menander
905 1571 995 1666 apud
1030 1575 1185 1660 Graecos,

102 1677 280 1746 Terentius
297 1677 457 1745 Romanis
476 1675 576 1744 suerit
591 1697 724 1743 necesse
739 1689 808 1744 cst:
825 1677 882 1769 qui
901 1692 938 1746 ut
954 1679 1034 1748 viris
1055 1684 1184 1778 sapien·

103 1783 194 1854 tibus
215 1807 255 1852 ac
279 1781 415 1852 eruditis
438 1779 644 1876 voluptatem
665 1782 776 1875 potius
795 1781 972 1870 afferrent,
987 1809 1088 1878 quani
1106 1813 1182 1884 qua-

101 1914 249 1984 cumque
276 1891 405 1959 ratione
430 1889 533 1957 risum
561 1901 814 1982 extorquerent,
832 1886 958 1983 duplici
974 1891 1181 1982 jucunditate

104 1995 281 2065 utilitatem
304 1985 502 2087 (imitatione
518 1993 594 2063 vitae
613 1992 737 2062 scilicet
755 1993 929 2080 liumanae,
944 2011 978 2064 et
996 1999 1181 2072 inimitabili

102 2099 232 2197 lepore)
251 2101 458 2170 condierunt.
479 2102 576 2168 Metu
595 2101 683 2168 enirn
706 2099 932 2170 Macedonicae
950 2107 1123 2195 potentias,
1138 2107 1180 2176 li-

103 2210 214 2278 eentia
226 2211 398 2302 Antiquae,
412 2221 451 2275 ut
462 2206 642 2275 observant
654 2205 788 2288 Celtici,
801 2204 934 2275 defecit.
949 2209 1053 2302 Cujus
1067 2209 1178 2282 locum
1273 2273 1276 2279 .

103 2318 285 2410 occupavit
310 2315 418 2384 Nova.
446 2314 552 2406 Cujus
575 2326 608 2381 et
640 2309 782 2380 formam
811 2312 960 2382 nondum
982 2318 1114 2410 penitus
1135 2323 1181 2388 vi·

103 2421 192 2492 disse
210 2420 414 2508 absolutam,
428 2419 487 2488 sed
505 2421 574 2514 jani
590 2419 783 2512 concepisse
803 2421 933 2507 animo,
952 2435 1089 2515 putatur
1103 2428 1177 2494 ari·
1293 2472 1295 2478 ·

103 2526 249 2598 stoteles.
272 2528 354 2621 Ejus
376 2551 457 2595 vero
482 2526 617 2595 unicum
639 2527 866 2620 propositum,
891 2526 1056 2599 humanos
1080 2555 1178 2601 nosse

102 2649 205 2730 atque
216 2636 339 2704 imitari
349 2657 468 2704 mores.
478 2633 558 2721 Quo
571 2645 604 2699 et
615 2633 658 2700 D.
667 2633 804 2701 Hieron.
816 2631 967 2727 Epistola
980 2635 1022 2704 ad
1030 2639 1176 2718 Furiam,

101 2741 146 2810 de
171 2740 341 2810 Viduitate
373 2737 560 2823 Servanda,
586 2738 740 2831 respicit,
764 2763 867 2832 quum
891 2736 999 2834 in'quit
1027 2771 1036 2811 ε
1072 2773 1089 2808 u
1104 2744 1175 2814 Nec

97 2849 244 2935 mirum,
263 2847 330 2916 hoo
356 2844 495 2940 figulum
522 2845 660 2913 sensisse
679 2843 721 2913 de
740 2844 894 2931 vasculo,
913 2847 1002 2940 quod
1029 2849 1100 2943 ipse
1124 2851 1174 2920 sa·

100 2955 252 3023 bricatus
269 2967 336 3040 est,
350 2975 453 3047 quum
476 2953 575 3020 etiam
597 2951 772 3037 Comicus,
786 2952 881 3043 cujus
896 2951 971 3022 finis
981 2969 1038 3024 ‘est
1054 2955 1175 3027 liuma-

101 3085 167 3130 nos
183 3083 294 3130 mores
313 3083 411 3129 nosse
426 3072 526 3152 atque
539 3057 745 3141 describere,
765 3057 885 3127 dixerit
901 3085 910 3126 ε
931 3060 1017 3131 Sina
1030 3063 1175 3134 Cancer.

102 3189 148 3236 nr
175 3169 312 3236 Libano
334 3188 464 3236 rmum
485 3165 651 3234 Venus.»
677 3165 795 3234 Omnis
819 3178 930 3234 autern
955 3167 1112 3258 imitatio,
1140 3185 1177 3234 ui

102 3286 221 3368 postea
239 3271 387 3341 dicemus
407 3269 576 3366 pluribus,
599 3285 718 3338 natura
740 3267 850 3365 placet
873 3285 908 3340 et
927 3271 1078 3344 delectat.
1102 3279 1176 3344 Hoc

102 3380 194 3448 enirn
221 3379 395 3472 proprium
417 3391 468 3445 est
484 3375 643 3464 hominis,
662 3391 699 3444 ut
720 3391 809 3446 recte
835 3378 1045 3466 Aristoteles,
1063 3383 1121 3475 qui
1143 3397 1177 3450 et

104 3488 359 3577 μιμητικώτατος
380 3489 441 3551 τῶν
464 3475 568 3569 (aas,
583 3483 702 3551 merito
721 3483 763 3551 ab
781 3508 822 3552 eo
840 3483 973 3554 dicitur.
996 3488 1068 3556 Joci
1085 3512 1177 3578 vero,

103 3595 130 3659 si
162 3605 322 3686 petantur
348 3589 512 3683 undique,
544 3587 736 3657 molestiae
767 3588 894 3686 frigidi,
915 3604 975 3660 uut
1001 3591 1178 3664 theatrales

91 3697 208 3786 liunt,
228 3699 256 3767 si
274 3723 294 3766 a
315 3697 383 3766 rita
402 3695 469 3765 sint
486 3693 584 3763 alieni
603 3724 610 3763 :
631 3696 688 3789 qui
711 3710 748 3764 ut
770 3695 859 3791 plebi
880 3696 984 3782 sorte,
1005 3698 1050 3767 ita
1070 3700 1179 3770 doctis

104 3804 238 3899 plaeere
260 3828 300 3872 ac
315 3803 520 3898 sapientibus
541 3826 609 3870 non
630 3816 778 3895 possunt.
796 3805 989 3873 Constantis
1008 3807 1096 3874 enim
1116 3809 1181 3875 viri

103 3935 144 3980 ac
167 3912 327 4006 sapientis
349 3911 479 3979 animus
502 3906 606 3977 laxari
629 3907 723 3995 vult,
743 3934 811 3977 non
839 3907 934 3978 solvi.
951 3909 1046 3980 Illam
1068 3928 1179 3981 autem

103 4017 393 4106 constitutionem,
420 4015 471 4084 καὶ
499 4017 575 4100 τὴν,
603 4029 640 4083 ut
667 4039 742 4084 cuin
771 4016 890 4085 Stoicis
917 4017 972 4086 hic
995 4015 1128 4111 loquar,
1150 4023 1180 4086 tv

163 4155 193 4221 1·
608 4245 612 4256 ,
1005 4175 1026 4242 s
