2890 4866
457 381 525 450 DE
551 383 821 450 THEATRO..
1061 407 1160 454 txvu

80 511 219 584 facilem
245 526 346 606 atque
372 523 535 582 attentum
562 512 721 584 lectorem
747 539 819 584 esse
840 515 1009 609 cupimus,
1031 529 1070 586 ut
1091 530 1162 586 tan·

78 622 163 688 dem
183 617 361 720 intelligat,
376 618 456 712 quid
477 620 520 688 sit
540 619 681 706 Fabula,
698 619 890 717 Tragoedia,
908 621 1081 692 Comoedia
1096 625 1163 692 Ve-

79 742 158 812 tus,
178 727 305 809 Satira,
327 739 362 794 et
380 723 478 794 Nova
501 726 685 826 Compedia.

79 989 208 1078 QUID
223 987 415 1071 FABULA,
426 987 707 1074 rudentum,
718 988 911 1074 SATYRA,
921 989 1164 1062 COMOEDIA

440 1119 589 1190 VETUS
604 1119 661 1188 ET
674 1117 814 1191 NOVA.

137 1357 266 1436 Fabula
286 1355 439 1459 generale
462 1385 585 1432 nomen
610 1373 674 1447 est,
689 1357 917 1457 Tragoediam,
936 1366 1103 1460 Satyram,
1127 1379 1163 1436 et

80 1470 298 1542 Comoediam
328 1470 423 1539 inse
449 1467 683 1563 complectens.
705 1471 831 1564 Estque
859 1470 984 1540 Fabula
1010 1473 1159 1544 narratio

80 1577 239 1673 quadam
260 1575 429 1662 conficta,
446 1589 480 1644 et
502 1572 694 1645 demissiore
713 1573 908 1671 plerumque
929 1578 1014 1672 stylo
1031 1603 1070 1649 ao
1085 1605 1163 1650 ver·

81 1685 177 1754 sibus
192 1684 383 1776 conscripta
402 1679 445 1750 ad
460 1679 716 1752 oblectationem
732 1682 932 1754 auditorum.
946 1683 1046 1756 Unde
1061 1691 1163 1756 etiam

82 1795 246 1860 Poemata
265 1791 351 1860 inter
370 1787 511 1858 Fabulas
529 1811 549 1856 a
568 1786 736 1858 nonnullis
755 1807 1065 1861 connumerantur:
1084 1817 1163 1889 qua·

83 1911 226 1994 propter
238 1894 439 1992 quibusdam
455 1896 545 1964 visus
562 1909 613 1966 est
629 1898 795 1966 Homerus
808 1895 945 1966 Iliadem
968 1899 1071 1968 instar
1084 1903 1161 1968 Tra·

82 2005 224 2099 gordiae,
238 2002 422 2098 Odysseam
438 2000 481 2070 ad
495 2003 675 2096 imaginem
691 2001 873 2074 Comoediae
889 2005 1134 2098 conscripsisse.

136 2109 314 2206 Tragoedia
335 2123 447 2180 autem
465 2106 590 2177 Fabula
612 2122 678 2194 est,
700 2131 767 2202 qua
787 2109 913 2202 antiqui
934 2109 1159 2204 reprehende·

84 2217 187 2305 bant,
204 2215 294 2313 quod
308 2218 343 2286 in
362 2215 461 2284 rebus
477 2240 557 2284 non.
568 2211 675 2284 solum
698 2214 836 2309 privatis
857 2238 896 2286 ac
915 2213 1083 2302 civilibus,
1101 2217 1162 2290 sed

86 2326 230 2393 maxime
248 2323 362 2394 arduis
379 2336 414 2391 et
432 2319 475 2390 ad
490 2322 657 2416 principes
671 2320 886 2391 attinentibus
904 2323 1014 2392 minus
1031 2337 1161 2394 rectum

85 2431 271 2502 videbatur.
301 2433 343 2498 Iu
366 2453 405 2498 ea
428 2429 548 2498 scenici
574 2453 733 2518 amurca,
751 2443 785 2498 et
812 2427 877 2498 olei
893 2427 1038 2518 ¹faecibus
1058 2421 1159 2524 (quas

85 2538 197 2608 Graeci
213 2540 328 2632 τρύγρις
344 2523 489 2624 vocant)
509 2533 718 2630 perlinebant
734 2559 811 2622 ora,
830 2549 907 2604 ante
927 2561 1022 2604 usum
1039 2562 1159 2632 perso·
1263 2559 1269 2572 “

84 2669 205 2713 narum
220 2669 228 2712 :
245 2642 334 2712 unde
351 2639 535 2737 Tragoediae
552 2666 686 2728 nomen.
707 2641 789 2734 Ejus
806 2665 907 2738 grave
922 2656 1159 2737 argumentum

85 2751 162 2838 fuit,
186 2752 328 2846 petitum
353 2773 441 2844 saepe
463 2747 506 2816 ab
527 2747 684 2818 historica
707 2747 773 2818 fide
792 2772 801 2816 ε
823 2747 924 2818 dictio
951 2773 1082 2836 severa,
1096 2775 1158 2820 su·

85 2855 211 2945 blimis‚
228 2881 315 2951 saepe
337 2855 487 2925 tumida:
510 2853 686 2950 tranquilla
703 2857 832 2950 prima,·
846 2856 952 2925 exitus
972 2855 1102 2925 funesti.

138 2967 218 3034 Post
242 2959 451 3058 Tragoediam
473 2962 609 3030 inventa
630 2962 822 3048 Comoedia,
842 2986 916 3055 quoe
938 2964 1047 3032 Vetus
1068 2961 1159 3033 dicta

85 3085 135 3140 est
150 3096 158 3138 :
174 3073 209 3140 in
228 3093 293 3165 qua
307 3061 360 3162 (ut
374 3071 408 3136 in
422 3067 599 3163 Tragoedia
613 3065 758 3162 qnoque)
775 3067 914 3162 simplex
926 3091 1061 3138 carmen
1076 3068 1159 3139 fuit:

85 3177 173 3271 quod
198 3201 336 3246 carmen
358 3174 480 3244 chorus
499 3175 590 3244 circa
603 3197 676 3244 aras
695 3173 860 3244 fumantes
874 3199 964 3244 nunc
980 3175 1159 3271 spatiatus,

86 3308 174 3354 nunc
197 3281 373 3352 revolvens
391 3306 507 3376 gyros,
530 3304 606 3351 cum
630 3282 764 3351 tibicine
781 3281 1001 3351 concinebat:
1020 3296 1158 3376 eratque

85 3391 194 3483 primo
217 3414 283 3459 una
308 3413 450 3484 persona
475 3386 666 3458 cantoribus
687 3388 883 3475 substituta,
903 3412 997 3482 que,
1017 3412 1157 3483 respon·

87 3495 166 3566 dens
183 3495 322 3566 alternis
340 3495 461 3582 choro,
483 3492 708 3588 locupletabat
724 3494 939 3589 variabatque
962 3517 1032 3563 rem
1054 3495 1158 3565 musi·

86 3626 168 3673 cam.
191 3603 325 3672 Chorus
345 3615 457 3670 autem
476 3601 510 3670 in
528 3601 721 3696 Tragoedia,
741 3615 800 3670 aut
821 3599 994 3671 Comoedia
1015 3601 1157 3690 Vetere,

87 3707 259 3780 dicebatur
287 3706 465 3779 multitudo
491 3731 681 3778 coaevorum
702 3708 887 3802 juvenum,
904 3720 962 3775 aut
988 3708 1157 3780 minorum

87 3815 119 3882 in
139 3817 258 3904 sacris,
270 3814 324 3884 vel
341 3838 461 3903 scena,
478 3815 685 3896 cantantium
704 3830 803 3910 atque
822 3812 1022 3884 saltantium.

137 3925 214 3994 Fuit
231 3925 338 3993 Vetus
357 3919 531 3992 Comoedia
549 3923 675 3991 Graecis
695 3921 835 3992 Arcbaea
852 3920 959 4007 dicta,
977 3921 1051 4015 quia
1071 3934 1157 4016 esset

87 4026 127 4096 de
140 4030 236 4100 nobis
251 4053 368 4125 parum
381 4028 521 4123 cognitis
536 4028 621 4098 uitiis
632 4053 640 4095 :
652 4030 730 4099 item
746 4029 843 4098 etiam
856 4031 1071 4121 Eteonymos,
1080 4027 1157 4121 quia

962 4157 999 4229 e!
