2926 4858
281 423 350 469 exe
556 405 747 472 PERLETI
776 404 1071 474 DISSERTATIO
1155 429 1159 436 ’

282 536 421 628 impero.
433 536 500 603 Cn.
512 535 587 603 bem
601 538 737 606 Davum
751 536 820 606 obt
840 539 928 607 lctui
946 534 1124 606 consimilis
1141 548 1192 604 est
1208 539 1291 607 arsis
1304 539 1348 606 sic

283 641 372 709 dicta
388 655 421 708 et
441 641 551 710 thesis.

334 783 367 874 S.
390 814 417 854 2.
435 791 553 876 Arst's,
571 812 619 882 gr.
639 785 725 881 ἄρσις
744 791 812 858 sive
831 788 972 858 elevatio
989 786 1188 884 appellatur,
1213 786 1303 881 quod
1317 789 1349 855 in

279 893 393 963 iisdem
406 893 548 988 syllabis,
556 893 675 988 quibus
689 896 813 964 tibicen
821 895 948 991 pedem
961 893 1246 972 accommodabat,
1258 909 1351 963 actor

283 1024 401 1068 vocem
420 1001 560 1070 acuebat
574 1026 612 1070 ac
629 999 775 1071 tollebat.
791 1007 832 1070 In
848 1003 936 1071 thesi
950 1017 1079 1084 autem,
1094 1026 1167 1096 quae
1183 1025 1291 1094 graeca
1301 1015 1352 1069 est

279 1131 345 1175 vox
366 1107 460 1188 θέσις,
481 1121 699 1206 sunt-caeterae
717 1108 865 1203 syllabae,
880 1132 953 1203 quae
974 1110 1042 1178 ictu
1063 1107 1227 1177 destitutae
1242 1108 1351 1176 minus

280 1213 405 1283 idcirco
420 1214 610 1283 audiuntur.
636 1215 747 1302 Quam
768 1240 847 1285 vero
868 1214 1126 1284 modulationem
1143 1237 1203 1308 per
1216 1214 1303 1282 arsin
1318 1227 1352 1284 et

281 1320 390 1388 thesin
414 1345 484 1389 esse
502 1323 690 1388 Mortianus
713 1322 867 1391 ostendit.
891 1325 1046 1391 Attamen
1073 1323 1118 1398 si,
1139 1318 1228 1413 quod
1251 1343 1351 1414 supra

280 1425 405 1495 dictum
422 1441 491 1514 est,
508 1428 627 1495 senarii
644 1450 760 1498 versus
779 1428 1022 1498 distinctionem
1039 1430 1234 1498 Graecorum
1251 1427 1352 1520 respi-

280 1534 423 1618 ciamus,
444 1548 495 1601 ter
515 1539 583 1602 ictu
601 1557 794 1628 percussum
818 1536 1015 1606 habebimus
1036 1559 1113 1604 eum
1137 1533 1203 1601 hoe
1228 1531 1350 1617 modo,

279 1631 392 1708 Poeta
409 1665 512 1734 quum
523 1647 673 1735 prunum
695 1642 846 1711 ciminum
869 1641 1149 1712 adscribendum
1169 1636 1315 1736 dppulit.

333 1747 475 1814 Romani
489 1761 606 1816 contra
620 1773 716 1817 senos
730 1748 909 1818 voluerunt
922 1751 955 1817 in
967 1772 1100 1842 quoque
1112 1749 1262 1816 trimetro
1280 1770 1350 1814 esse

280 1853 382 1936 ictus,
399 1855 455 1948 qui
473 1856 520 1923 sic
542 1855 680 1948 exprimi
701 1857 845 1949 possint,
863 1847 975 1924 Poe'ta
993 1855 1097 1950 qdum
1104 1860 1254 1949 primum
1275 1851 1351 1921 dni-

279 1959 432 2029 mumad
441 1960 654 2030 scribendum
671 1962 815 2058 dppulit.
835 1963 889 2031 Sic
907 1963 984 2029 item
1002 1964 1036 2029 in
1054 1964 1261 2028 tetrametris
1273 1981 1352 2052 qua-

281 2068 366 2134 terni
385 2069 510 2137 Graecis
530 2083 608 2136 sunt
625 2069 729 2151 ictus,
749 2070 861 2137 octoni
883 2070 1050 2137 Romanis.
1071 2069 1197 2136 Verum
1217 2067 1296 2159 quia
1317 2067 1350 2132 in

279 2173 414 2266 paribus
429 2174 533 2258 locis,
548 2199 589 2260 a,
605 2178 646 2259 Δ,
665 2172 705 2260 6,
723 2177 834 2243 miuus
849 2173 1045 2268 plerumque
1061 2173 1233 2243 elevantur
1250 2186 1284 2241 et
1299 2171 1350 2239 fe-

279 2280 429 2364 riuntur,
448 2281 554 2376 quam
570 2282 604 2348 in
622 2281 820 2375 imparibus,
846 2305 881 2366 1,
901 2279 940 2367 3,
962 2279 982 2351 5
998 2306 1007 2367 ;
1025 2279 1150 2350 ideirco
1172 2279 1235 2348 hos
1257 2303 1350 2348 more

279 2389 475 2455 Graecorum
492 2387 547 2456 hic
569 2385 694 2482 placuit
712 2385 877 2457 omittere.

330 2527 364 2617 §-
388 2537 421 2617 Δ.
440 2535 491 2600 Ex
512 2533 702 2602 accentibus
725 2532 891 2602 Bentleius
914 2534 975 2601 sibi
995 2533 1117 2602 notatis
1134 2532 1234 2600 docet
1255 2529 1353 2600 facile

279 2662 458 2732 apparere,
474 2640 530 2733 qui
548 2639 707 2709 iambicus
724 2641 766 2708 sit
779 2664 911 2724 versus,
926 2641 983 2733 qui
995 2639 1194 2737 trochaicus.
1211 2638 1245 2706 Si
1261 2639 1353 2706 enim

278 2760 435 2814 accentus
451 2748 485 2814 in
504 2747 611 2839 prima
625 2771 740 2815 versus
756 2745 880 2840 syllaba
896 2747 955 2834 sit,
974 2745 1182 2815 trochaicum
1198 2769 1287 2830 csse,
1303 2747 1355 2812 sin

277 2853 405 2938 minus,
425 2851 614 2922 iambicum.
639 2853 843 2924 Trochaicos
860 2867 971 2921 autem
990 2854 1164 2921 Terentius
1183 2850 1358 2920 admiserit

277 2958 426 3028 versibus
446 2959 512 3028 suis
530 2985 598 3028 non
619 2983 754 3053 paucos.
770 2961 897 3028 Verum
916 2960 1066 3053 utrique,
1085 2971 1242 3027 exeuntes
1266 2981 1355 3050 prae-

277 3066 411 3147 sertim,
429 3064 521 3134 nullo
539 3067 674 3160 negotio
692 3081 956 3160 cognoscuntur,
972 3065 1105 3134 iambici
1119 3067 1186 3133 ictu
1205 3065 1239 3130 in
1257 3077 1356 3131 aute-

278 3170 461 3266 penultima
475 3173 598 3266 posito,
614 3187 652 3242 ut
674 3173 790 3259 driu&
815 3171 956 3241 obsecro
966 3199 978 3258 ,·
997 3170 1355 3262 ndnfacr's:trocl1ici
1437 3253 1441 3260 .

278 3278 378 3363 fines,
397 3271 536 3363 ere'das,
557 3271 654 3364 dctis,
677 3273 791 3364 riddo,
812 3270 910 3373 e'rgo,
931 3278 1113 3372 penultima
1135 3290 1242 3345 acuta.

326 3421 360 3512 S.
378 3423 410 3496 5.
431 3427 542 3496 Omne
560 3450 717 3496 versuum
736 3451 841 3520 genus
858 3450 951 3494 suam
973 3425 1074 3493 habet
1087 3447 1257 3494 etesiarum
1278 3423 1356 3492 sive

275 3535 486 3620 incisionem,
508 3556 573 3627 qua
595 3533 733 3602 verbum
761 3535 982 3618 terminatur,
1009 3545 1042 3600 et
1064 3556 1128 3600 vox
1148 3533 1181 3599 in
1207 3530 1359 3598 decursu

177 3697 179 3702 Α
279 3639 415 3734 paulum
425 3641 661 3733 interquiescit.
674 3639 804 3709 ltafere
817 3664 942 3709 caesura
955 3625 1114 3707 Romanis
1127 3636 1268 3731 placuit,
1280 3662 1360 3730 quae

279 3749 320 3814 in.
334 3749 444 3840 priore
460 3749 548 3816 tertii
570 3747 662 3841 pedis
679 3744 802 3840 syllaba
822 3749 879 3829 sit,
900 3748 985 3815 utin
1003 3746 1169 3813 Heroico:

355 3967 446 4018 Arma
458 3963 608 4038 virumque
622 3983 694 4018 cano
701 4001 710 4028 ,
730 3960 736 4038 Ι
760 3965 853 4031 'I'roJic
866 3965 917 4037 qui
922 3964 1036 4037 primus
1051 3961 1088 4016 ab
1104 3961 1162 4015 oris

357 4059 549 4131 Italtiamfuto
567 4057 572 4136 Ι
588 4062 740 4136 profugus,
758 4073 813 4117 etr.
