3000 4866
285 417 328 463 xx
622 387 874 458 TERENTII
901 387 1022 458 VITA

339 522 522 593 Eunuchus
538 519 670 615 quidem
686 520 735 589 bis
754 519 807 588 die
821 532 978 603 recteest,
995 519 1181 614 meruitque
1195 522 1357 613 pretium,

288 643 449 725 quantum
476 625 566 696 nulla
587 642 685 695 autea
707 625 902 719 cujusquam
924 623 1111 712 Comoedia,
1134 624 1166 693 id
1190 641 1257 712 est,
1281 641 1358 695 octo

289 736 391 806 millia
411 734 603 816 nummiim3
626 748 804 827 propterea
827 757 955 801 summa
980 757 1112 826 quoque
1127 731 1222 802 titulo
1234 733 1357 801 adscri-

286 842 385 911 bitur.
401 843 491 910 Nam
505 838 733 935 Adelphorum
756 840 955 932 principium
975 842 1085 908 Varro
1105 841 1204 908 etium
1224 841 1360 934 praefert

286 949 450 1043 principio
467 947 653 1016 Menandri.
673 948 751 1016 Non
766 945 908 1014 obscura
926 945 1017 1014 fama
1036 960 1103 1031 est,
1124 944 1274 1039 adjutum
1294 949 1355 1014 Tc·

286 1057 429 1124 rentium
452 1053 631 1148 inscriptis
649 1077 670 1120 a
688 1049 789 1122 Laelio
805 1065 839 1121 et
858 1053 1032 1146 Scipione,
1047 1052 1245 1146 quibuscum
1265 1051 1359 1121 fami·
1430 1137 1434 1148 ,

286 1159 410 1230 liariter
432 1160 521 1228 vixit.
549 1159 708 1228 Enmdem
727 1159 797 1253 ipse
825 1159 925 1228 auxit
943 1161 1125 1252 Nunquam
1153 1159 1264 1244 enini,
1292 1159 1357 1229 nisi

287 1265 414 1354 leviter,
431 1291 466 1335 so
485 1267 585 1335 tutari
602 1279 753 1352 conatur,
774 1279 813 1335 ut
832 1265 867 1333 in
886 1263 1029 1360 Prologo
1043 1263 1292 1358 Adelphorum:

370 1451 459 1518 Nam,
475 1446 557 1525 quod
572 1445 620 1506 isti
634 1445 734 1506 dicunt
747 1445 899 1518 malevoli,
912 1438 1045 1504 homines
1057 1443 1170 1504 nobiles

367 1548 454 1604 Hunc
468 1544 621 1622 adjutare,
639 1543 811 1622 assidueque
825 1563 882 1602 una
895 1542 1042 1602 seribere:

370 1640 458 1714 Quod
473 1639 516 1698 illi
529 1639 713 1699 maledictum
727 1641 882 1700 vehemens
896 1639 1074 1713 existimant,

366 1741 439 1798 Earn
451 1735 566 1797 laudem
579 1737 627 1796 hic
641 1737 722 1797 ducit
735 1739 906 1812 maximam3
922 1759 1013 1818 quum
1026 1739 1083 1799 illis
1093 1740 1186 1818 placet
1197 1781 1204 1806 ‚

365 1836 427 1909 Qui
442 1833 526 1893 vobis
539 1835 679 1894 universis
692 1849 722 1894 et
735 1836 846 1914 populo
860 1837 994 1915 placent;

369 1937 505 2006 Quorum
516 1952 608 2011 opera
621 1934 651 1992 in
666 1931 765 2004 bello,
780 1934 811 1992 in
823 1935 897 2001 otio,
913 1935 944 1992 in
959 1933 1089 2012 negotio,

370 2035 431 2091 Suo
447 2029 571 2109 quisque
588 2043 719 2110 tempore
736 2051 804 2090 usus
818 2031 936 2090 estsine
951 2027 1097 2110 superbia,

343 2208 484 2278 Videtur
502 2223 614 2279 autem
629 2233 663 2280 se
679 2208 786 2278 levius
804 2207 1005 2297 defendisse,
1019 2209 1095 2303 quia
1113 2207 1236 2276 sciebat
1250 2206 1355 2278 Laelio

290 2329 324 2385 et
336 2315 482 2409 Scipioni
496 2340 564 2383 non
573 2315 735 2408 ingratam
751 2340 822 2383 esse
835 2315 923 2384 hanc
939 2315 1147 2409 opinionem3
1161 2339 1234 2409 quae
1243 2329 1355 2383 tamen

290 2421 393 2512 magis
413 2434 447 2487 et
466 2445 568 2512 usque
580 2408 607 2442 ³⁰
629 2419 672 2488 ad
689 2421 872 2514 posteriora
887 2435 1039 2515 tempora
1057 2418 1168 2488 valuit.

343 2526 388 2614 Q.
408 2525 585 2592 Memmius
598 2524 631 2592 in
647 2521 806 2594 Oratione
819 2551 881 2621 pro
894 2551 928 2596 se
940 2529 1005 2595 ait:
1025 2542 1042 2578 «
1056 2524 1137 2595 Pub.
1160 2523 1354 2613 Africanus,

289 2630 346 2726 qui
361 2657 380 2699 a
393 2633 549 2700 Terentio
558 2656 733 2725 personum
747 2647 931 2721 mutuatus,
943 2658 1016 2727 quae
1030 2631 1120 2701 domi
1137 2630 1258 2700 luserat
1268 2632 1353 2727 ipse,

288 2739 423 2806 nomine
437 2735 523 2806 illius
536 2739 569 2806 in
581 2763 714 2807 scenam
724 2737 874 2808 detulit.»
889 2743 1002 2834 Nepos
1012 2753 1147 2809 auctore
1157 2753 1248 2807 certo
1263 2764 1354 2808 com·

287 2844 411 2937 perisse
436 2869 469 2912 se
496 2845 561 2930 ait,
579 2847 619 2914 C.
642 2843 797 2933 Laelium,
816 2846 984 2943 quondam
1017 2847 1050 2913 in
1076 2842 1256 2915 Puteolano
1278 2843 1352 2914 Kal.

288 2950 417 3019 Martiis
435 2949 641 3019 admonitum
660 2951 702 3020 ab
724 2976 846 3041 uxore,
860 2952 1044 3048 temporius
1063 2966 1100 3020 ut
1116 2950 1354 3037 discumberet,

286 3057 419 3150 petiisse
434 3057 476 3125 ab
490 3081 529 3125 ea
542 3083 584 3126 ne
604 3056 888 3153 interpellaretur:
904 3060 1008 3128 serius
1021 3057 1154 3127 taudem
1169 3059 1353 3150 ingressum

286 3161 465 3232 triclinium
487 3163 626 3252 dixisse,
646 3189 714 3234 non
732 3189 819 3259 saepe
842 3163 1067 3234 inscribendo
1088 3165 1193 3260 magis
1220 3189 1353 3234 succes·

227 3353 230 3362 Ι
286 3269 366 3338 sisse
383 3269 454 3338 sibi.
476 3269 606 3338 Deinde
626 3286 779 3366 rogatum
802 3285 840 3340 ut
857 3273 980 3365 scripta
996 3269 1050 3340 illa
1067 3270 1249 3365 proferret,
1273 3296 1353 3366 pro-

286 3375 453 3445 nuntiasse
467 3400 600 3466 versus,
617 3379 766 3471 quisunt
781 3379 815 3448 in
832 3377 1226 3448 Heautontimorumeno:

324 3551 400 3612 snis
414 3552 465 3630 pol
479 3565 616 3632 proterve
631 3570 677 3610 me
691 3550 757 3628 Syri
770 3550 912 3630 promissa
925 3551 984 3610 huc
997 3550 1183 3610 induxerunt.

339 3723 459 3792 Santra
479 3724 671 3794 Terentium
687 3721 869 3809 existimat,
890 3718 1033 3790 simodo
1049 3723 1084 3790 in
1098 3718 1273 3789 scribendo
1292 3716 1354 3786 ad·

282 3827 449 3921 lutoribus
464 3827 659 3924 indiguerit,
680 3853 750 3900 non
772 3843 842 3898 tam
863 3827 1018 3922 Scipione
1039 3839 1073 3896 et
1096 3824 1198 3896 Laelio
1219 3825 1268 3893 uti
1285 3849 1351 3919 po-

327 4061 372 4098 to.
388 4043 471 4115 Magis
484 4057 508 4097 et
518 4063 599 4117 risque.
611 4043 703 4114 Vulgo
715 4044 835 4100 obsum.
851 4044 925 4098 Both.
938 4044 993 4109 Qui
1006 4041 1089 4097 edidit
1100 4061 1131 4094 m.
1145 4053 1170 4093 et
1181 4061 1212 4094 m.
1227 4059 1307 4114 nsque.
