3014 4872
336 427 399 496 us
425 426 687 497 essecutus
712 429 770 496 ΕΤ
796 411 1048 497 cononum.
1155 451 1212 498 m

145 582 277 630 marum
295 560 460 654 partium,
476 560 533 653 qui
554 558 774 629 secundarum
793 573 827 630 et
841 561 1029 645 tertiarum,
1043 559 1100 654 qui
1113 584 1213 654 quar·

145 681 255 736 tarum
272 680 371 759 atque
387 667 578 760 quintarum
590 681 719 736 actores
734 681 858 756 essent3
874 666 1047 736 distributa
1062 681 1097 736 et
1110 666 1214 736 divisa

143 773 415 868 quinquepartito
438 785 508 841 tota
522 787 571 842 est
594 772 728 842 fabula:
748 799 822 869 quae
842 787 955 844 tamen
973 775 1007 842 in
1020 774 1101 868 ipsis
1119 787 1213 843 ortus

144 881 196 949 sui
228 879 320 948 velut
347 878 545 972 quibusdam
573 879 798 967 incunabulis,
818 893 852 949 et
873 878 1009 949 vixdum
1034 881 1214 975 incipiens,

142 977 306 1077 Koppdia
333 987 470 1066 ἐτεώνιος
496 987 548 1054 καὶ
575 971 707 1080 οἱρχοιίοι6
729 986 818 1057 dicta
843 1001 915 1057 est:
937 985 1050 1084 ἀρχαία
1068 985 1211 1073 idcirco,

142 1094 222 1187 quia
235 1106 286 1177 est
304 1089 346 1160 de
363 1091 460 1162 nobis
478 1117 595 1188 parum
615 1095 756 1189 cognitis
777 1095 882 1164 vitiis:
906 1095 1042 1171 ἐτεώνιος
1056 1093 1069 1132 ⁷
1085 1107 1213 1176 autem,

141 1200 222 1293 quia
243 1199 329 1267 inest
346 1199 380 1266 in
398 1219 438 1267 ea
456 1199 548 1269 velut
565 1199 723 1270 historica
744 1199 825 1270 fides
842 1225 929 1270 verae
947 1201 1161 1285 narrationis,
1180 1214 1213 1268 et

142 1304 369 1374 denominatio
385 1307 554 1394 omniurn,
568 1305 611 1375 de
626 1299 858 1402 quibuslibere
867 1305 1123 1377 describebatur.
1140 1308 1213 1374 Ete-

141 1413 212 1480 nim
233 1436 293 1505 per
307 1412 433 1506 priscos
451 1427 583 1508 poetas,
602 1439 685 1500 non,
699 1429 737 1483 ut
748 1439 858 1500 nunc,
874 1414 1006 1509 penitus
1020 1413 1099 1482 ficta
1113 1437 1211 1508 argu-

142 1533 278 1587 menta:
302 1517 360 1587 sed
373 1543 426 1588 res
440 1533 540 1615 gestae
558 1544 577 1588 a
595 1521 723 1590 civibus
746 1519 855 1616 palam
877 1544 954 1590 cum
972 1544 1087 1590 corum
1107 1543 1214 1612 saepe,
1311 1563 1314 1570 ·

140 1627 200 1719 qui
217 1639 401 1721 gesserant,
413 1628 547 1696 nomine
563 1625 834 1697 decantabantur.
858 1627 939 1696 Ideo
956 1627 1026 1722 ipsa
1046 1652 1106 1696 suo
1122 1639 1211 1694 tem-

137 1733 229 1825 pore'
240 1732 388 1802 moribus
398 1731 539 1803 multum
550 1734 676 1828 profuit
687 1735 846 1822 civitatis;
866 1758 970 1828 quum
986 1735 1212 1827 unusquisque

140 1852 294 1927 caveret,
317 1837 416 1934 culpa
435 1857 479 1910 ne
503 1839 694 1936 spectaculo
716 1843 841 1911 caeteris
861 1855 961 1925 esset,
978 1855 1012 1910 et
1031 1840 1212 1910 domestico

140 1944 276 2038 probro.
290 1945 373 2029 Sed,
392 1971 496 2040 quum
515 1963 623 2042 poetae
644 1949 735 2017 abuti
758 1947 909 2016 licentius
923 1947 1024 2041 stylo,
1045 1961 1079 2016 et
1089 1945 1211 2040 passim

141 2048 261 2120 tedere
282 2077 323 2122 ex
337 2049 474 2122 libidine
489 2041 501 2078 ⁸
520 2055 697 2149 coepissent
711 2053 822 2150 plures
836 2054 959 2140 bonos,
973 2077 1015 2122 ne
1036 2054 1209 2147 quisquam

140 2157 176 2224 in
200 2155 340 2227 alterum
363 2183 498 2230 carmen
518 2161 642 2230 infame
659 2174 879 2256 proponeret,
902 2158 975 2253 lege
997 2158 1063 2227 lata
1083 2157 1209 2226 siluere.

136 2263 186 2332 Et
202 2263 283 2333 hinc
300 2264 419 2335 deinde
435 2265 524 2335 eliud
537 2292 641 2362 genus
656 2265 800 2354 Fabulae,
812 2266 846 2336 id
859 2280 924 2351 est,
937 2267 1064 2361 Satyra,
1072 2265 1213 2358 sumpsit

142 2370 335 2440 exordium:
352 2396 425 2466 quae
442 2397 462 2441 a
476 2376 593 2468 satyris
603 2427 613 2461 ‚
624 2399 707 2469 quos
719 2373 827 2444 illotos
838 2397 969 2468 semper
977 2396 1016 2441 ac
1026 2369 1212 2468 petulantes

141 2477 234 2546 Deos
243 2479 363 2549 scimus
372 2504 457 2566 esse,
470 2481 615 2550 vocitata
630 2496 681 2550 est
692 2507 699 2550 :
712 2481 773 2550 etsi
791 2479 923 2548 aliunde
938 2504 1060 2547 nomen
1076 2480 1213 2547 traxisse

140 2605 247 2677 prave
264 2599 383 2679 putant
394 2585 457 2654 alii.
475 2589 573 2674 Haec,
589 2613 662 2681 quae
679 2589 797 2682 Satyra
813 2586 947 2674 dicitur,
960 2583 1122 2679 ejusmodi
1133 2584 1212 2670 fuit,

141 2703 181 2758 ut
203 2692 237 2758 in
259 2691 315 2779 ea,
338 2694 488 2786 quamvis
507 2691 592 2762 duro
611 2709 646 2763 et
667 2693 769 2763 veluti
792 2695 912 2788 agresti
938 2693 1033 2787 joco,
1053 2692 1095 2761 de
1124 2692 1212 2760 vitiis

141 2796 264 2866 civium
282 2811 393 2866 umen
410 2797 479 2868 sine
497 2799 566 2868 ullo
586 2801 712 2896 proprii
730 2802 872 2869 nominis
894 2799 991 2869 titulo
1009 2823 1142 2868 carmen
1157 2822 1211 2866 es-

141 2916 202 2972 set.
209 2905 310 2993 Quod
324 2907 403 2975 item
417 2931 521 3000 genus
533 2907 713 2978 Comoediae
726 2905 839 2976 multis
856 2906 966 2975 obfuit
981 2907 1099 3000 poetis,
1109 2928 1212 2998 quum

141 3012 177 3078 in
199 3012 418 3105 suspicionem
428 3014 621 3108 potentibus
636 3013 762 3083 civibus
777 3012 960 3099 venissent,
976 3011 1107 3080 illorum
1126 3010 1214 3080 facta

141 3115 352 3213 descripsisse
367 3121 400 3186 in
416 3121 526 3214 pejuS,
541 3144 580 3188 ac
596 3120 797 3218 deformasse
813 3145 917 3214 genus
938 3117 1023 3214 stylo
1038 3118 1210 3187 carminis:

141 3224 234 3317 quod
259 3227 367 3319 primo
388 3225 535 3296 Lucilius
554 3251 643 3295 novo
670 3229 864 3321 conscripsit
889 3226 1008 3310 modo,
1032 3238 1069 3294 ut
1096 3225 1213 3320 poesin

186 3485 344 3562 &Repudia
357 3490 491 3562 ὶτιώνυμος
502 3492 544 3544 καὶ
554 3493 656 3563 ἀρχαία.
701 3493 717 3554 ἢ
732 3489 830 3564 κωμικὰ
847 3495 909 3562 ἔχειν
926 3491 1160 3562 ἀναπλάσματα,ἥ
1175 3491 1213 3555 βι-

142 3561 658 3641 Mea.dpzuiexuppdiaetllPONOMA-
702 3570 774 3636 etta,
788 3571 823 3625 τὰ
832 3573 874 3643 pis
890 3579 934 3632 τῆς
954 3573 1063 3631 παλαιᾶς
1080 3566 1214 3640 κωμῳδίας
1293 3630 1296 3636 ¹

141 3654 218 3702 ΤΟΣ.
237 3650 311 3703 Laud.
701 3652 854 3722 σκώμματα,
862 3652 903 3704 καὶ
910 3649 1035 3721 ταραχὰς,
1044 3649 1086 3704 ael
1097 3653 1198 3709 στάσεις

185 3747 212 3798 7.
232 3718 376 3802 lleesisupee
392 3743 478 3784 autem.
498 3731 562 3788 Mes.
579 3720 656 3786 llPO·
701 3733 743 3785 καὶ
755 3731 924 3802 αἰσχρολογίας
940 3728 1110 3801 sapatum&
1124 3725 1153 3782 dl
1168 3735 1213 3790 τῆς

143 3809 313 3863 ΝΟΜΑΤΟΣ
326 3821 412 3863 autem.
429 3809 471 3863 ld.
700 3805 985 3882 uat'aipa'texoppdiu,
995 3810 1029 3862 τὰ
1041 3809 1084 3880 μὲν
1098 3809 1160 3862 ἀλλα
1167 3804 1213 3862 ἶσα

185 3891 211 3944 8.
226 3889 321 3941 Passim
335 3891 422 3942 laedere
437 3890 585 3944 celibidine.
600 3892 657 3943 Ve·
700 3895 732 3960 τῇ
753 3886 884 3962 τραγῳδία
906 3889 1035 3962 σημαίνει,
1052 3887 1085 3941 τὰ
1104 3884 1134 3940 «ll
1155 3890 1213 3946 edm

143 3969 206 4022 teris
217 3967 360 4022 comodis
378 3983 523 4024 scommata
534 3984 560 4024 et
575 3972 655 4024 mele·
699 3971 845 4044 χρηστὰκαὶ
857 3970 1214 4041 apelassonos-massa

142 4045 214 4102 dictu
226 4048 361 4119 eleganter
376 4048 478 4104 indicat
493 4049 655 4104 Artemidos.
700 4050 746 4122 γὰρ
758 4051 784 4104 αἱ
794 4053 919 4112 ὑποθέσεις
926 4057 974 4103 τῶν
987 4055 1099 4120 κωμικῶν
1111 4043 1213 4119 δραμά-

142 4128 162 4181 l.
176 4129 205 4192 Ι,
219 4147 243 4184 c.
259 4131 305 4185 58·
319 4131 353 4184 Ti
365 4125 383 4182 d
386 4133 395 4184 i
405 4125 532 4202 κωμῳδῶν
544 4132 654 4189 imitar,
701 4153 757 4184 των.
771 4129 836 4186 Vid.
851 4129 938 4184 Schol.
954 4129 1089 4200 Aristoph.
1101 4128 1140 4182 Id.
