3000 4866
308 403 378 483 DE
406 403 508 474 Hac
533 406 777 485 TERENTII
803 409 1062 486 EDITIONE.
1172 434 1222 483 vu

158 635 254 730 quae
266 635 366 708 non
384 601 625 718 infeliciter
643 624 689 700 et
703 607 967 726 inversione
987 609 1225 736 ingenium

158 781 379 874 auctoris,
415 781 462 850 et
487 763 537 860 in
569 764 690 854 notis
726 795 808 854 seu
838 765 988 856 varios
1014 785 1224 858 veterum

156 920 493 1048 repraesentavit
510 953 640 1035 usus,
665 953 746 1018 seu
763 919 930 1048 linguae
949 924 1121 1015 Latinae
1142 921 1227 1013 dif-

158 1077 297 1170 ficiles
314 1078 462 1171 nodos
481 1081 748 1177 enucleavit.
1268 1205 1271 1212 ⁴

215 1241 496 1331 Nostrorum
520 1238 826 1337 subsidiorum
851 1242 1029 1366 copiam
1053 1240 1226 1335 claudit

159 1395 300 1488 altera
317 1400 464 1488 versio
481 1399 660 1527 gallica,
680 1420 1020 1505 manutentum
1036 1403 1223 1524 scripta,

158 1590 240 1662 uer
259 1560 309 1648 in
322 1558 474 1661 lucem
487 1558 714 1688 evulgata,
731 1592 873 1685 quam
888 1558 1129 1668 nobiscum
1140 1559 1227 1698 ltu-

158 1720 418 1824 manissime
438 1721 793 1830 communicavit
813 1753 935 1828 unus
960 1753 1014 1809 ex
1033 1719 1227 1845 quadra-

159 1876 285 2000 ginta
299 1875 550 1971 Academiae
564 1879 747 1986 Gallicae
756 1880 1054 1994 viris,Petrus
1068 1881 1222 1990 Danu:

159 2037 238 2158 qui
263 2039 500 2152 Venusino
526 2042 618 2128 vati
641 2071 738 2130 non
764 2040 829 2129 ita
854 2040 1045 2144 omnino
1076 2071 1123 2132 se
1151 2039 1227 2130 ad-

156 2191 292 2310 dixit,
310 2216 364 2284 ut
382 2228 478 2288 non
493 2197 665 2323 aliquid
682 2196 994 2320 pretiosissimi
1008 2199 1228 2320 temporis

154 2351 376 2444 Africano
418 2358 596 2446 comico
628 2355 825 2448 voluerit
859 2353 1135 2480 impendere.
1170 2359 1229 2444 Et

155 2508 349 2634 quidem
367 2511 500 2621 nobis
518 2514 720 2604 multum
732 2512 906 2637 profuit
923 2512 1017 2627 ille,
1042 2531 1094 2602 ut
1118 2545 1230 2636 prae-

155 2667 312 2773 dicare
329 2671 453 2788 licet,
474 2673 734 2790 thesaurus,
753 2695 855 2782 tum
875 2693 1064 2797 propter
1085 2671 1230 2784 multa

98 2895 100 2900 ,
154 2833 361 2948 auctoris
401 2833 540 2954 ipsius
578 2831 678 2930 loca
715 2834 936 2960 sagaciter
968 2830 1230 2955 explanata,

152 3009 250 3080 tum
271 3012 472 3116 propter
500 2990 863 3082 dissertationem
893 3023 993 3115 quae
1017 2988 1231 3110 adjicitur

150 3145 203 3240 de
216 3181 337 3242 vero
357 3169 543 3240 auctore
556 3146 818 3252 fabularum
827 3147 1030 3258 Terentii
1044 3148 1232 3236 nomine

150 3308 509 3433 inscriptarum3
537 3339 694 3435 quam,
725 3327 780 3398 ut
809 3305 1083 3430 poterimus,
1113 3335 1231 3427 qute-

150 3468 358 3566 stionem
376 3461 498 3556 infra
519 3497 676 3554 sumus
696 3463 1095 3592 aggressuriffag.
1115 3460 1230 3580 xxx).

150 3627 377 3752 Ignoscat
398 3641 553 3711 autem
577 3622 645 3710 vir
663 3620 1015 3734 illustrissimus,
1031 3621 1069 3712 si
1091 3620 1234 3708 vitam

150 3781 366 3872 candidis
388 3775 618 3894 moribus,
641 3779 826 3904 ingenio
844 3778 1076 3899 praestanti
1099 3795 1144 3865 et
1169 3772 1235 3863 di.-

150 3937 416 4066 gnitatibus
441 3935 728 4057 amplissimis
751 3931 955 4031 nobilem
979 3930 1234 4024 describere

1042 4090 1078 4170 at
