2926 4858
170 409 452 480 ATERENTIO
471 407 641 478 LATINE
659 409 1014 480 INTERPRETATA.
1057 435 1168 481 cxxix
1215 451 1222 459 ·

368 555 453 622 Acr.
470 574 501 618 v.
531 553 584 622 Sc.
600 575 637 620 νι
665 545 727 640 (vs.
764 540 886 643 1055).

112 691 217 782 «Quid
235 689 330 761 istic?
342 690 452 761 Video
470 715 539 760 non
559 690 677 776 licere,
691 705 729 759 ut
746 715 929 785 coeperam,
946 691 1012 761 hoo
1036 707 1165 788 perten-

147 800 232 868 dere.
248 827 267 863 ο
287 796 498 867 Menander:

109 887 355 998 δοκληρότατος
370 905 445 997 πρὸς
464 903 525 973 υἱὸν
545 908 575 971 ἐν
594 913 641 989 τῷ
657 902 822 989 νουθετεῖν,

108 1011 166 1090 Τοῖς
187 1014 241 1104 μὲν
258 1013 365 1103 λόγοις
387 1013 494 1104 πικρός
514 1012 598 1096 ἐστι,
616 1017 681 1088 τοῖς
701 1001 731 1074 δ’
753 1011 849 1104 ἔργοις
869 1014 983 1104 πατήρ.

110 1105 203 1186 Valde
226 1117 262 1186 in
280 1115 449 1186 monendo
470 1119 496 1186 si
520 1118 592 1211 quis
616 1140 712 1210 asper
734 1114 817 1202 filio,

110 1223 216 1294 Verbis
235 1223 376 1292 acerbus
395 1237 445 1292 est
462 1222 615 1317 quidem,
628 1222 685 1291 sed
703 1247 739 1291 re
753 1236 856 1316 pater.

150 1331 201 1400 sic
223 1330 311 1399 idem
330 1329 542 1398 Menander:

110 1439 177 1530 Πρὸς
196 1437 260 1504 υἱὸν
279 1439 371 1532 ὀργὴν
391 1439 447 1504 οὐκ
464 1437 525 1529 ἔχει
544 1435 677 1529 χρηστὸς
697 1439 811 1530 πατήρ.

111 1544 178 1612 boni
194 1545 342 1638 parentis
360 1545 410 1610 ira
426 1540 516 1610 nulla
531 1541 565 1610 in
580 1538 697 1609 filium.

111 1647 180 1718 lbid.
197 1637 259 1740 (vs.
289 1647 406 1730 1062,
431 1640 557 1736 1063.)
577 1644 772 1716 «Rufamne
794 1646 884 1717 illam
904 1650 1084 1744 virginem,
1104 1677 1169 1722 cae-

153 1756 247 1842 siam,
266 1779 382 1850 sparso
404 1778 483 1844 ore,
506 1753 637 1824 adunco
652 1751 756 1824 naso?
770 1779 839 1823 non
857 1781 1008 1850 possum,
1031 1773 1167 1852 pater.»
1288 1806 1292 1816 .

153 1861 363 1930 Menander:

113 1969 155 2033 uo'*
170 1967 229 2036 ἔσθ’
248 1965 269 2034 ἃ
287 1975 386 2061 κρῖναι
400 1969 453 2034 τὸν
468 1975 575 2061 γαμεῖν
593 1968 748 2060 μολλοντοι
767 1959 829 2050 δεῖ,

114 2051 179 2141 broi
196 2085 332 2167 προσηνῆ
350 2071 438 2164 ὄψιν,
454 2073 473 2148 ἢ
490 2075 624 2166 χρηστὸν
645 2075 773 2166 τρόπον.

113 2179 164 2254 Τὴν
182 2183 323 2274 ὁμόνοιαν
339 2179 398 2274 γὰρ
412 2182 470 2256 τὴν
490 2182 566 2274 πρὸς
582 2181 733 2257 ἀλλήλους
751 2187 840 2248 ποιοῖ.

114 2287 146 2352 ln
164 2287 282 2381 nuptiis
302 2301 453 2380 spectare
476 2311 528 2355 res
550 2286 645 2355 decet
665 2284 764 2372 duas,

115 2392 282 2462 durabilem
303 2407 361 2462 aut
380 2393 522 2486 speciem
538 2395 621 2479 oris,
634 2406 693 2460 aut
710 2416 820 2461 mores
837 2393 973 2488 probos.

115 2497 323 2572 Concordiam
343 2524 420 2568 nam
437 2500 613 2574 ‚continent
633 2497 705 2568 haec
726 2512 885 2568 mutuam.

158 2607 305 2674 Formam
325 2631 402 2675 cum
424 2605 537 2699 probis
557 2603 706 2674 moribus
725 2606 897 2700 conjungit
918 2605 984 2677 hoc
1004 2606 1165 2676 versiculo

206 2711 291 2781 idem
307 2711 494 2780 Menander
510 2729 519 2778 :

116 2799 218 2892 (leidis
235 2820 272 2887 τὸ
288 2823 418 2898 κάλλος,
437 2821 513 2886 ὅταν
534 2822 588 2914 ἔχῃ
607 2828 675 2885 νοῦν
692 2821 848 2912 σώφροναέ

117 2919 211 3008 Quam
231 2939 323 3019 grata
343 2924 451 2993 iorma
472 2939 541 3011 est,
557 2926 612 2994 oui
633 2949 745 2994 comes
762 2923 912 2992 modesta
934 2921 1040 2994 mens!

255 3079 446 3144 Annnnrns.
473 3075 555 3143 Aer.
584 3098 608 3142 1.
637 3075 691 3142 Sc.
720 3097 733 3140 1
760 3061 825 3164 (vs.
858 3071 907 3158 43
931 3064 1005 3168 sq.).

121 3219 200 3304 «Et,
220 3221 307 3316 quod
336 3222 543 3291 fortunatum
572 3223 626 3292 isti
650 3236 785 3316 putant,
814 3224 961 3292 Uxorem
991 3249 1163 3318 nunquam

125 3403 136 3426 v
162 3323 288 3398 habui.»
312 3327 470 3398 Menand.

118 3431 144 3492 Ω
164 3435 297 3528 μακάριόν
312 3439 366 3528 ue!
382 3483 391 3499 .
410 3483 419 3498 .
436 3483 445 3498 .
466 3437 584 3528 γυναῖκ’
599 3439 633 3503 οὐ
645 3429 806 3527 λαμὸοίνω.

119 3535 146 3600 Ο
166 3561 208 3607 me
227 3541 375 3628 beatum,
394 3542 451 3634 qui
468 3564 605 3609 uxorem
624 3536 859 3609 haberen010!

353 3693 437 3760 Aer.
468 3715 491 3760 1.
522 3693 577 3761 Sc.
607 3715 633 3760 11
655 3681 717 3784 (vs.
749 3687 796 3761 85
826 3678 901 3784 sq.).

124 3823 236 3910 «Quem
249 3853 355 3925 neque
373 3832 477 3926 pudet
493 3831 690 3926 quidquam,
707 3856 769 3900 neo
783 3832 901 3899 metuit
916 3854 1125 3927 quemquam.
1138 3865 1154 3898 ν
1201 3811 1206 3822 “

125 4011 137 4037 Α
168 3931 334 4006 Menander
355 3938 444 4032 apud
461 3939 616 4007 Priscian.
632 3936 689 4006 lib.
701 3960 780 4006 vrri.

121 4037 162 4110 05
181 4027 204 4100 δ’
222 4044 282 4109 οὔτ’
303 4044 436 4138 ἐροθριᾷν
455 4036 552 4130 οἶδεν,
566 4035 638 4114 οὐδὲ
653 4034 805 4126 δεδιέναι,

171 4171 196 4238 Ι.
676 4179 679 4187 ’
995 4179 1006 4246 i
