2928 4856
289 359 589 430 nonnosus,
618 359 910 446 scr.1r,sc.
940 363 1028 432 vn.
1118 367 1192 464 239

112 497 191 566 Hoc
221 493 328 564 modo
352 492 427 576 dic,
446 517 592 562 sororem
616 516 686 560 esse
713 489 799 559 illam
821 505 928 582 tuam,
950 510 983 564 et
1004 511 1036 566 te
1056 523 1193 593 parvam

283 601 445 695 virginem
1156 643 1194 696 ,σε

111 709 298 794 Amisisse,
318 731 408 774 nunc
429 729 615 799 cognosse:
642 705 733 798 signa
756 703 903 773 ostende.
922 709 1029 779 Prru.
1053 713 1192 784 Adsunt.

281 816 372 883 Tus.
392 814 493 906 Cape.

111 923 149 990 Si
179 922 254 989 vim
281 919 395 1002 faciet,
418 920 452 985 in
472 917 526 1010 jus
550 916 663 996 ducito
684 916 864 986 hominem.
885 918 1109 992 Intellextin'?
1128 928 1192 996 Cn.

283 1026 402 1094 Probe.

111 1135 211 1202 Tm.
230 1135 297 1202 Fac
311 1131 422 1202 animo
439 1129 511 1198 haec
527 1129 682 1224 praesenti
698 1142 735 1198 ut
749 1126 850 1200 dicas.
865 1132 931 1200 Cn.
945 1132 1085 1207 Faciam.
1101 1140 1192 1208 Tim.

283 1236 408 1306 Attolle
426 1233 571 1332 pallium.

114 1339 222 1413 Perii!
239 1345 326 1416 Huic
342 1344 404 1438 ipsi
420 1356 471 1412 est
485 1365 569 1438 opus
583 1356 744 1438 patrono,
758 1367 857 1436 quem
873 1342 1081 1418 defensorem
1100 1375 1190 1444 paro.

114 1553 228 1624 quentia
240 1550 412 1606 indicenthic
423 1549 512 1622 potius
521 1549 634 1604 mentio·
679 1553 704 1604 Ιι.
716 1563 744 1602 ut
761 1571 801 1620 pr.
817 1552 892 1605 dieas.
905 1554 984 1626 anp.
1005 1555 1076 1612 delet
1095 1573 1130 1613 ut.
1150 1593 1190 1606 ..-

116 1651 183 1686 nem
193 1633 255 1686 lieri
266 1630 300 1685 de
311 1629 459 1686 edrocatis:
469 1634 541 1700 signa
556 1641 634 1682 osten·
679 1629 784 1686 Attolle.
792 1625 847 1683 Un.
864 1631 951 1688 ehlm.
964 1635 1030 1688 Pell.
1040 1639 1106 1691 tolle·
1119 1643 1189 1696 Pert.

113 1713 165 1776 de,
178 1731 218 1766 vs.
238 1714 306 1782 766.
678 1739 719 1752 -
734 1710 825 1764 Animo
832 1718 955 1782 presenti.
969 1716 1041 1769 Bene
1054 1720 1094 1772 sui
1108 1720 1189 1793 ipsius

160 1791 230 1862 765.
239 1791 294 1843 Hoc
302 1791 373 1843 modo
387 1790 435 1843 dic.
445 1788 497 1842 Alii
504 1789 635 1844 oollocent
677 1803 809 1860 compote.
817 1791 907 1845 Timet
914 1793 986 1848 enim
994 1795 1076 1851 Thais
1084 1818 1190 1872 ne,prn

118 1871 165 1922 hoc
176 1872 218 1924 die
229 1871 307 1923 modo.
322 1901 363 1912 -
382 1867 465 1922 Soror.
480 1888 528 1920 esse
542 1869 578 1921 ttl.
599 1881 632 1921 tu.
677 1869 819 1933 ebrietate,
837 1869 987 1926 inconsulto
1008 1876 1136 1940 Chremes
1151 1883 1190 1934 lo·
1300 1929 1303 1934 .

118 1951 194 2017 Atii,
211 1970 287 2004 soror.
309 1949 345 2003 ill.
369 1959 403 2002 tu.
424 1969 482 2002 esse.
500 1979 540 1989 -
554 1949 593 2000 Et
612 1961 634 2000 te
677 1949 1187 2028 quetoretmaleegatmandntrspartes.

114 2051 189 2100 perv.
203 2030 285 2083 Both.
294 2029 392 2084 omittit
403 2040 434 2080 et.
449 2060 489 2071 -
500 2027 634 2080 Haemode
677 2028 789 2091 -Hoec,
803 2046 861 2099 qum
870 2041 896 2082 te
905 2036 1057 2087 eommonui
1066 2035 1186 2094 dicende.

117 2111 169 2163 dic.
184 2107 289 2166 Ordine
300 2123 340 2163 eet
358 2120 512 2162 exsecutos:
526 2109 633 2180 primo,
677 2137 716 2148 -
729 2107 854 2161 necnon
871 2107 1050 2166 dicerentorn
1065 2115 1186 2186 Thaide,

118 2204 213 2244 nti-um
224 2207 365 2261 personam
374 2187 555 2254 habeantne,
566 2208 633 2240 som·
675 2187 728 2240 nisi
749 2187 777 2241 in
802 2187 872 2242 illius
891 2191 967 2244 vultu
989 2211 1072 2262 pavor
1087 2197 1187 2253 nimius

121 2289 182 2334 m,
192 2268 294 2341 inquit,
307 2269 375 2321 illam
391 2279 455 2320 tuam
466 2289 524 2321 esse.
534 2268 632 2321 Utrum
677 2279 823 2339 appareret.
834 2267 903 2324 Dea.
914 2261 955 2312 -’
967 2273 1064 2326 Attolle
1071 2276 1183 2345 pallium,

122 2349 261 2422 negotium
271 2349 380 2411 hebeat,
393 2349 430 2400 Et
441 2360 463 2400 te
471 2367 572 2420 parram
583 2351 634 2400 vtis
676 2345 749 2420 quod
768 2366 800 2400 ex
819 2347 938 2404 humeris
958 2371 1013 2422 pre
1028 2355 1184 2427 negligentia

119 2432 200 2500 είκνι
214 2433 328 2486 amisisse.
335 2431 392 2483 cur
398 2425 479 2482 hodie
491 2429 557 2500 eget,
571 2447 634 2480 nune
676 2425 798 2490 defluxit,
806 2441 917 2500 propter
928 2434 1122 2501 temulentiam,
1131 2436 1185 2491 for·

122 2529 244 2580 cognosse.
271 2509 306 2562 Et
330 2507 403 2561 unde
426 2510 537 2579 probet,
562 2511 633 2578 signa
676 2508 837 2562 tessisetiam
847 2507 1188 2592 proptertimorem.Perglt

122 2591 226 2643 urende.
242 2589 305 2642 llaeo
315 2589 406 2642 omnin
412 2589 449 2642 sio
460 2589 634 2659 pronuntian-
676 2589 755 2642 Thais
769 2586 887 2643 indicere
895 2589 1046 2658 Chremeti,
1059 2594 1095 2649 ad
1107 2614 1185 2668 quem

123 2667 155 2723 (le
169 2681 243 2734 eunt,
256 2681 288 2721 ut
300 2681 327 2722 et
342 2669 410 2740 justa
421 2679 449 2721 et
466 2669 537 2722 tactu
547 2668 633 2722 facilia
676 2666 900 2723 debeethehitum
907 2689 961 2724 sese
970 2691 1187 2746 componere,ne
1210 2681 1215 2691 ”

122 2747 349 2804 demonstrentur.
361 2748 428 2800 Dan.
677 2749 821 2811 minorem,
837 2749 859 2800 si
874 2769 942 2821 opus
954 2752 987 2805 sit
1001 2753 1091 2824 loqui,
1104 2755 1184 2811 fidem

162 2826 633 2899 766.Amisisse,etc.Br.distioguit:
677 2828 763 2882 faciat.
873 2829 876 2836 '

123 2907 330 2964 Amisr'ese.Nune
335 2927 459 2978 cognosse,
467 2912 547 2978 signa,
558 2920 634 2960 osten·
718 2913 786 2979 769.
803 2908 852 2960 Est
863 2927 920 2980 opus
926 2923 1038 2980 patrono.
1049 2915 1125 2968 Both.
1138 2919 1186 2968 Ρα-

122 2988 160 3041 de.
170 3021 213 3032 -
227 2987 335 3041 Adsunt.
348 2987 441 3058 Signa,
462 3004 521 3059 qum
539 2987 634 3041 extulit
678 3001 747 3040 trono
760 3007 819 3061 opus
829 3000 871 3041 est.
887 2989 986 3060 Delph.
1003 2993 1073 3064 Opus
1082 3008 1186 3066 patrono

124 3067 247 3141 Pythiae,
267 3079 293 3120 et
304 3085 365 3139 quie
380 3067 461 3120 iverat
474 3067 632 3138 quesitum,
677 3079 721 3120 est.
738 3069 782 3120 Br.
802 3067 870 3140 Opus
883 3083 919 3146 ⁴est
927 3083 1041 3141 patrono.
1057 3104 1096 3115 -
1110 3076 1185 3130 Perii.

125 3166 162 3201 re.
177 3147 247 3218 756.
260 3175 300 3187 -
314 3147 388 3216 cape.
405 3146 467 3199 Haec
478 3145 544 3200 dicit
551 3147 634 3200 Thais
679 3149 742 3201 Heec
756 3167 844 3202 secum
855 3147 953 3214 Thais,
971 3153 1099 3224 suspicata
1113 3155 1186 3228 igne·

125 3226 269 3280 mamert.
679 3228 748 3280 viam
759 3229 922 3294 Chremetis,
933 3231 978 3302 qui
991 3234 1095 3302 segnius
1105 3253 1132 3286 se
1143 3255 1189 3289 au·

158 3293 318 3378 767.Sioim
318 3307 406 3374 faciet.
415 3305 491 3360 Both.
497 3307 552 3358 Vim
558 3311 580 3359 si
580 3307 635 3374 soc.
679 3305 796 3363 dientem
808 3308 986 3380 praebendum
997 3311 1021 3364 ei
1031 3313 1133 3367 animos
1144 3313 1189 3368 ad·

127 3385 194 3441 -Sr'
203 3387 344 3454 vimsaciet.
355 3385 636 3458 Sivditmileerapere
679 3387 769 3440 hibere
783 3399 866 3442 tentet
878 3389 982 3442 mulier.
1005 3421 1045 3434 —·
1054 3393 1121 3444 Huic
1129 3398 1183 3464 ipsi,

127 3465 263 3538 νίψω.
272 3463 415 3530 -Probe,
430 3466 487 3519 sub.
501 3467 614 3520 intellexi.
680 3480 729 3521 etc.
754 3467 818 3531 Hic,
832 3469 878 3539 qui
892 3469 960 3521 mihi
976 3467 1097 3524 defensor
1111 3491 1186 3543 pare·

156 3545 283 3616 mestoc
291 3565 333 3598 an.
341 3547 469 3616 lroecproes.
478 3545 637 3601 utdicas.Sic
680 3559 740 3612 tur,
754 3547 881 3612 itatimet,
889 3561 919 3608 ut
927 3548 951 3601 ei
961 3549 1049 3620 potine
1060 3563 1186 3624 petronus

128 3623 182 3696 etp.
190 3622 269 3680 Both.
281 3625 352 3679 Perl.
365 3626 433 3686 Atii,
443 3627 635 3680 Br.Zeun.An.
682 3624 846 3680 adhibendus
861 3627 902 3682 sit.
919 3629 999 3698 Eugr.
