2890 4866
242 303 460 428 armans
483 359 656 428 nurusu
684 361 993 434 DlssERTATm.
1064 394 1149 442 xcn

63 491 183 584 Quod
207 493 316 586 ipsum
344 491 512 586 aliquanto
539 493 729 586 castigatius
755 496 848 564 Nero
867 497 999 587 extulit,
1022 505 1079 596 qui
1108 507 1150 576 de

64 598 130 669 tali
151 623 269 682 servo,
291 597 414 668 «Nulli
437 598 527 693 apud
550 625 585 668 se
607 598 682 694 plus
702 592 937 690 fidcihabere,
953 633 970 672 u
997 606 1148 681 dicebat‘.

44 737 89 786 ,a
104 704 195 774 nihil
221 706 310 776 enirn
339 707 369 774 ei
393 729 500 800 neque
527 703 691 776 inclusum
717 732 825 802 neque
845 711 1010 804 signatum
1033 739 1144 787 esse.»

66 817 152 882 Vox
173 815 262 880 enim
277 810 504 892 κλεπτίστατος
524 827 652 882 tanturn
670 813 781 900 abest,
803 830 842 884 ut
862 821 1005 887 sermoni
1025 845 1146 894 convc-

65 921 146 988 nire
168 918 294 1014 possit,
319 922 399 986 ὥστε
427 911 499 988 otta
520 922 615 988 αὐτου
643 924 700 994 τὴν
727 913 865 988 dranosa
887 915 1050 1024 (dicerent
1068 932 1147 1000 sub·

67 1026 146 1096 tiles
174 1025 295 1094 harum
316 1050 429 1094 rerum
453 1020 606 1119 judices)
625 1029 785 1102 πολιτικὴν
810 1023 900 1114 εἶναι,
929 1031 995 1100 hoc
1022 1050 1089 1122 est,
1112 1054 1149 1108 ut

68 1159 113 1202 ne
140 1131 279 1227 quidem
303 1155 386 1202 voce
414 1131 495 1215 alia,
517 1156 590 1226 quae
613 1156 686 1200 eam
703 1135 895 1228 ¹exprimat,
916 1142 1147 1214 consuetudini

67 1253 129 1307 aut
151 1239 228 1308 usui
250 1238 496 1308 accommodari
518 1240 631 1334 possit.
659 1241 776 1333 Itaque
799 1245 983 1338 corrumpit
1009 1271 1144 1328 vocem,

69 1345 174 1440 plane
189 1359 229 1413 ut
243 1344 361 1414 faciem
372 1398 383 1431 ,
396 1346 453 1439 qui
468 1347 515 1416 sic
530 1368 665 1414 movere
677 1346 781 1414 risum
796 1349 902 1441 cogit:
916 1349 1025 1443 qualia
1041 1380 1146 1450 prope

67 1452 206 1522 infinita
227 1451 468 1546 Aristophanis.
487 1449 651 1546 Exemplo
671 1453 737 1520 sint
753 1452 966 1542 diminutiva,
984 1484 1057 1553 quae
1078 1476 1145 1532 tam

69 1559 252 1654 diligenter
277 1558 377 1627 tertio
401 1557 658 1628 Rhetoricorum
688 1559 722 1626 in
744 1557 830 1629 illius
859 1561 1047 1657 Babyloniis
1074 1569 1148 1638 Rex

69 1667 279 1735 Critieorum
292 1663 485 1734 Aristoteles
503 1667 633 1735 notavit
648 1677 655 1719 :
668 1655 875 1758 χρυσιδάριον,
890 1661 1144 1766 λοιδορημαίτιον,

71 1765 287 1866 ἱματιδοίριον,
301 1771 353 1838 καὶ
374 1775 569 1862 νοσημάτων.
587 1771 740 1860 Ουοάοῑ
759 1774 792 1840 in
811 1797 964 1844 sennone
982 1779 1053 1872 ejus
1070 1805 1146 1877 pas-

71 1881 188 1950 simet
210 1882 245 1946 in
269 1877 420 1946 sensibus
441 1877 617 1965 observes,
635 1901 719 1970 quos
743 1903 811 1947 non
839 1905 914 1949 raro
938 1884 1022 1953 risus
1046 1911 1168 1958 causa·

72 1986 173 2054 effert
183 1985 467 2080 corruptissimos;
481 2008 568 2078 saepe
581 1997 692 2052 tamen
707 2008 810 2077 quum
826 1983 934 2056 illudit
942 1986 1021 2059 aliia.
1031 1994 1145 2081 Quare

73 2117 193 2180 voces,
212 2091 366 2187 phraseS,
383 2115 515 2176 sensus,
536 2091 635 2159 etiam
654 2104 856 2160 structuram
873 2095 996 2183 Novae,
1014 2112 1053 2166 ut
1073 2101 1144 2168 imi-

74 2200 137 2266 tari
158 2200 266 2268 cuivis
289 2212 399 2268 tutum
419 2212 485 2283 est,
504 2197 548 2264 ita
569 2197 746 2290 Antiquam
765 2197 792 2264 si
810 2199 885 2291 quis
898 2200 1020 2270 imitari
1044 2204 1145 2293 velit,

74 2307 220 2374 maximo
239 2302 370 2374 delectu
389 2329 428 2372 ac
443 2302 570 2396 judicio
593 2317 642 2372 est
659 2327 744 2397 opus
764 2328 771 2370 :
792 2304 881 2397 quod
904 2306 931 2374 si
953 2307 1145 2404 quisquam,

73 2425 164 2480 reete
176 2410 372 2483 Aristoteles
388 2411 526 2480 notavit.
540 2412 649 2503 Atque
662 2409 735 2478 haec
754 2433 869 2496 causa,
885 2435 962 2498 cur,
983 2431 1021 2484 ut
1038 2417 1144 2488 multo

74 2517 254 2609 perfectior
268 2517 463 2611 utiliorque,
478 2518 524 2585 ita
541 2516 651 2586 minus
667 2515 805 2585 ridicula
828 2517 870 2586 sit
886 2519 1001 2603 Nova,
1029 2524 1063 2592 in
1079 2549 1146 2619 qua

75 2649 208 2712 omnes,
230 2639 269 2712 ut
286 2624 356 2717 jam
374 2621 543 2708 absoluta,
564 2621 797 2717 acquiescunt3
813 2648 916 2716 quum
937 2629 1064 2722 antiqui
1077 2634 1143 2701 Co-

76 2732 170 2819 mici,
192 2733 234 2802 iis
255 2733 380 2826 pariter
405 2755 478 2824 quae
509 2727 641 2816 dieunt,
660 2741 696 2797 et
717 2728 848 2797 dicendi
877 2734 1022 2821 ratione,
1042 2738 1144 2806 urba·

75 2837 229 2926 nitatem,
242 2839 319 2932 quia
338 2835 421 2906 nihil
440 2835 529 2906 aliud
547 2849 741 2929 spectarunt
752 2832 853 2929 quam
869 2836 1063 2927 ridiculum,
1079 2843 1145 2937 ple-

76 2943 181 3038 risque
200 2946 236 3014 in
263 2943 344 3014 locis
364 2941 593 3038 imprudenter
612 2940 794 3024 excedant,
811 2941 953 3038 ideoque
972 2961 1005 3014 et
1024 2949 1142 3019 vitium

76 3035 287 3146 plerumque,
307 3049 398 3145 quod
420 3051 615 3140 βωμολοχίαν
630 3047 713 3116 dixit
731 3048 941 3138 Aristoteles,
960 3053 1144 3127 incurrant.

77 3157 141 3245 Qui
154 3159 206 3227 vir
216 3181 359 3252 magnus
371 3156 569 3226 Ethicorum
581 3168 712 3248 quarto,
725 3153 783 3222 ubi
796 3153 838 3223 de
856 3156 1043 3229 urbanitate
1059 3165 1144 3257 agit,

78 3287 146 3356 quae
166 3267 201 3334 in
219 3265 335 3360 primis
352 3261 462 3332 locum
479 3263 514 3331 ia
531 3261 582 3330 bis
599 3260 721 3346 habet,
741 3261 875 3331 eosdem
897 3278 931 3332 et
949 3266 1095 3338 urbanos
1111 3285 1145 3338 et

77 3368 230 3442 honestos
242 3371 356 3442 vocari
369 3371 428 3440 ait:
438 3369 641 3463 εὐτραπΐΛους
651 3367 755 3455 enim,
767 3370 860 3462 quasi
871 3372 1049 3465 εὐτρόπους,
1065 3374 1141 3445 dici.

79 3478 166 3548 Sicut
193 3492 305 3548 autem
330 3476 371 3546 de
396 3473 595 3570 'corporibus
623 3499 664 3544 ex
685 3488 800 3558 motu,
827 3478 933 3546 itaer
955 3479 1143 3552 urbanitate

74 3581 211 3670 judicari
232 3584 275 3654 de
294 3585 427 3671 animo;
444 3596 558 3652 utrum
576 3605 697 3676 nempe
712 3580 873 3653 honestus
892 3586 950 3672 sit,
964 3609 1006 3653 an
1026 3591 1142 3684 turpis.

80 3689 141 3776 Qui
159 3691 199 3762 de
224 3690 421 3786 corporibus
450 3688 558 3774 locus,
580 3713 684 3782 quum
709 3687 871 3758 obscurus
893 3692 990 3761 nobis
1016 3694 1143 3765 videre-

79 3806 142 3881 tur,
155 3823 262 3896 neque
280 3797 460 3893 quidquam
474 3796 509 3863 in
522 3794 710 3862 recentibus
725 3796 960 3889 scriptoribus,
974 3801 1031 3895 qui
1046 3803 1144 3871 inter-

79 3907 190 3990 pretati
200 3931 278 3975 eum
292 3919 384 4004 sunt,
396 3901 538 3999 praesidii
549 3897 592 3970 ad
602 3925 736 3970 manum
747 3915 849 3984 esset,
860 3903 901 3972 ad
913 3904 1143 3977 Andronicum

80 4007 256 4100 Rhodium,
272 4011 367 4104 cujus
379 4009 602 4104 Paraphrasin
616 4009 650 4076 in
665 4006 737 4077 illos
753 4006 856 4087 libros
869 4008 968 4104 plane
979 4011 1143 4084 admiran-

936 4141 985 4236 g,
