<?xml version="1.0" encoding="UTF-8"?>
<!DOCTYPE html PUBLIC "-//W3C//DTD XHTML 1.0 Transitional//EN"
    "http://www.w3.org/TR/xhtml1/DTD/xhtml1-transitional.dtd">
<html xmlns="http://www.w3.org/1999/xhtml" xml:lang="en" lang="en">
 <head>
  <title>
</title>
<meta http-equiv="Content-Type" content="text/html;charset=utf-8" />
  <meta name='ocr-system' content='tesseract 3.04.00' />
  <meta name='ocr-capabilities' content='ocr_page ocr_carea ocr_par ocr_line ocrx_word'/>
</head>
<body>
  <div class='ocr_page' id='page_1' title='image "./publiiterentiia04lemagoog/publiiterentiia04lemagoog_0111.png"; bbox 0 0 2890 4866; ppageno 0'>
   <div class='ocr_carea' id='block_1_1' title="bbox 253 431 1162 502">
    <p class='ocr_par' dir='ltr' id='par_1_1' title="bbox 253 431 1162 502">
     <span class='ocr_line' id='line_1_1' title="bbox 253 431 1162 502; baseline 0 -2"><span class='ocrx_word' id='word_1_1' title='bbox 253 431 466 500; x_wconf 85' lang='lat' dir='ltr'><strong>DANlELlS</strong></span> <span class='ocrx_word' id='word_1_2' title='bbox 491 431 664 501; x_wconf 86' lang='lat' dir='ltr'>HEINSII</span> <span class='ocrx_word' id='word_1_3' title='bbox 692 432 1001 502; x_wconf 86' lang='lat' dir='ltr'><strong>DISSERTATIO.</strong></span> <span class='ocrx_word' id='word_1_4' title='bbox 1128 455 1162 500; x_wconf 84' lang='lat' dir='ltr'><strong>cr</strong></span> 
     </span>
    </p>
   </div>
   <div class='ocr_carea' id='block_1_2' title="bbox 234 579 1065 756">
    <p class='ocr_par' dir='ltr' id='par_1_2' title="bbox 234 579 1065 756">
     <span class='ocr_line' id='line_1_2' title="bbox 234 579 946 658; baseline 0.001 -22"><span class='ocrx_word' id='word_1_5' title='bbox 234 579 355 637; x_wconf 80' lang='lat' dir='ltr'><strong>Memini</strong></span> <span class='ocrx_word' id='word_1_6' title='bbox 368 579 486 637; x_wconf 86' lang='lat' dir='ltr'><strong>videre:</strong></span> <span class='ocrx_word' id='word_1_7' title='bbox 500 599 559 656; x_wconf 89' lang='lat' dir='ltr'><strong>quo</strong></span> <span class='ocrx_word' id='word_1_8' title='bbox 573 581 685 657; x_wconf 83' lang='lat' dir='ltr'><strong>aequior</strong></span> <span class='ocrx_word' id='word_1_9' title='bbox 698 599 761 640; x_wconf 89' lang='lat' dir='ltr'><strong>sum</strong></span> <span class='ocrx_word' id='word_1_10' title='bbox 776 580 946 658; x_wconf 87' lang='lat' dir='ltr'><strong>Pamphilo,</strong></span> 
     </span>
     <span class='ocr_line' id='line_1_3' title="bbox 236 675 1065 756; baseline -0.005 -20"><span class='ocrx_word' id='word_1_11' title='bbox 236 675 266 736; x_wconf 92' lang='lat' dir='ltr'><strong>Si</strong></span> <span class='ocrx_word' id='word_1_12' title='bbox 281 695 312 734; x_wconf 91' lang='lat' dir='ltr'><strong>se</strong></span> <span class='ocrx_word' id='word_1_13' title='bbox 324 675 403 736; x_wconf 89' lang='lat' dir='ltr'><strong>illam</strong></span> <span class='ocrx_word' id='word_1_14' title='bbox 414 676 443 734; x_wconf 90' lang='lat' dir='ltr'><strong>in</strong></span> <span class='ocrx_word' id='word_1_15' title='bbox 458 676 580 747; x_wconf 88' lang='lat' dir='ltr'><strong>somnis,</strong></span> <span class='ocrx_word' id='word_1_16' title='bbox 597 677 791 754; x_wconf 72' lang='lat' dir='ltr'><strong>quatrinum,</strong></span> <span class='ocrx_word' id='word_1_17' title='bbox 808 677 943 756; x_wconf 81' lang='lat' dir='ltr'>amplecti</span> <span class='ocrx_word' id='word_1_18' title='bbox 957 676 1065 736; x_wconf 87' lang='lat' dir='ltr'><strong>maluit.</strong></span> 
     </span>
    </p>
   </div>
   <div class='ocr_carea' id='block_1_3' title="bbox 75 853 1217 1696">
    <p class='ocr_par' dir='ltr' id='par_1_3' title="bbox 75 853 1217 1696">
     <span class='ocr_line' id='line_1_4' title="bbox 75 853 1168 952; baseline 0.003 -30"><span class='ocrx_word' id='word_1_19' title='bbox 75 853 199 922; x_wconf 86' lang='lat' dir='ltr'><strong>Vides</strong></span> <span class='ocrx_word' id='word_1_20' title='bbox 217 855 252 922; x_wconf 90' lang='lat' dir='ltr'><strong>in</strong></span> <span class='ocrx_word' id='word_1_21' title='bbox 269 853 340 941; x_wconf 86' lang='lat' dir='ltr'><strong>his,</strong></span> <span class='ocrx_word' id='word_1_22' title='bbox 356 879 424 923; x_wconf 91' lang='lat' dir='ltr'><strong>non</strong></span> <span class='ocrx_word' id='word_1_23' title='bbox 442 853 708 943; x_wconf 86' lang='lat' dir='ltr'><strong>obscoenitatem,</strong></span> <span class='ocrx_word' id='word_1_24' title='bbox 727 855 784 925; x_wconf 89' lang='lat' dir='ltr'><strong>sed</strong></span> <span class='ocrx_word' id='word_1_25' title='bbox 805 856 1028 950; x_wconf 87' lang='lat' dir='ltr'><strong>suspicionem</strong></span> <span class='ocrx_word' id='word_1_26' title='bbox 1047 859 1093 926; x_wconf 91' lang='lat' dir='ltr'><strong>rei</strong></span> <span class='ocrx_word' id='word_1_27' title='bbox 1109 883 1168 952; x_wconf 89' lang='lat' dir='ltr'><strong>pa·</strong></span> 
     </span>
     <span class='ocr_line' id='line_1_5' title="bbox 77 959 1217 1057; baseline 0.004 -29"><span class='ocrx_word' id='word_1_28' title='bbox 77 985 173 1028; x_wconf 89' lang='lat' dir='ltr'><strong>rum</strong></span> <span class='ocrx_word' id='word_1_29' title='bbox 192 959 406 1048; x_wconf 68' lang='lat' dir='ltr'><strong>verecundae,</strong></span> <span class='ocrx_word' id='word_1_30' title='bbox 426 961 477 1028; x_wconf 83' lang='grc' dir='ltr'><strong>καὶ</strong></span> <span class='ocrx_word' id='word_1_31' title='bbox 500 961 654 1043; x_wconf 75' lang='grc' dir='ltr'>ὑπόνοιαν,</span> <span class='ocrx_word' id='word_1_32' title='bbox 673 985 746 1057; x_wconf 84' lang='lat' dir='ltr'><strong>quae</strong></span> <span class='ocrx_word' id='word_1_33' title='bbox 762 975 830 1030; x_wconf 85' lang='lat' dir='ltr'><strong>tam</strong></span> <span class='ocrx_word' id='word_1_34' title='bbox 852 977 903 1032; x_wconf 89' lang='lat' dir='ltr'><strong>est</strong></span> <span class='ocrx_word' id='word_1_35' title='bbox 923 963 1080 1048; x_wconf 90' lang='lat' dir='ltr'><strong>honesta,</strong></span> <span class='ocrx_word' id='word_1_36' title='bbox 1094 978 1169 1033; x_wconf 88' lang='lat' dir='ltr'><strong>uta</strong></span> <span class='ocrx_word' id='word_1_37' title='bbox 1213 992 1217 1005; x_wconf 92' lang='lat'><strong>·</strong></span> 
     </span>
     <span class='ocr_line' id='line_1_6' title="bbox 76 1065 1169 1163; baseline 0.004 -29"><span class='ocrx_word' id='word_1_38' title='bbox 76 1068 216 1161; x_wconf 85' lang='lat' dir='ltr'><strong>quavis</strong></span> <span class='ocrx_word' id='word_1_39' title='bbox 232 1067 358 1162; x_wconf 82' lang='lat' dir='ltr'><strong>virgine</strong></span> <span class='ocrx_word' id='word_1_40' title='bbox 374 1065 425 1152; x_wconf 91' lang='lat' dir='ltr'><strong>id,</strong></span> <span class='ocrx_word' id='word_1_41' title='bbox 437 1067 624 1137; x_wconf 76' lang='lat' dir='ltr'><strong>urbanitate</strong></span> <span class='ocrx_word' id='word_1_42' title='bbox 638 1067 746 1149; x_wconf 88' lang='lat' dir='ltr'><strong>salva,</strong></span> <span class='ocrx_word' id='word_1_43' title='bbox 764 1067 828 1137; x_wconf 91' lang='lat' dir='ltr'><strong>dici</strong></span> <span class='ocrx_word' id='word_1_44' title='bbox 847 1070 961 1163; x_wconf 89' lang='lat' dir='ltr'><strong>possit.</strong></span> <span class='ocrx_word' id='word_1_45' title='bbox 975 1071 1067 1159; x_wconf 89' lang='lat' dir='ltr'><strong>Quid</strong></span> <span class='ocrx_word' id='word_1_46' title='bbox 1082 1073 1169 1138; x_wconf 88' lang='lat' dir='ltr'><strong>enim</strong></span> 
     </span>
     <span class='ocr_line' id='line_1_7' title="bbox 80 1173 1171 1270; baseline 0.002 -28"><span class='ocrx_word' id='word_1_47' title='bbox 80 1173 255 1261; x_wconf 86' lang='lat' dir='ltr'><strong>suavius,</strong></span> <span class='ocrx_word' id='word_1_48' title='bbox 274 1196 374 1266; x_wconf 88' lang='lat' dir='ltr'><strong>quam</strong></span> <span class='ocrx_word' id='word_1_49' title='bbox 397 1175 462 1242; x_wconf 79' lang='lat' dir='ltr'><strong>«in</strong></span> <span class='ocrx_word' id='word_1_50' title='bbox 484 1175 607 1244; x_wconf 88' lang='lat' dir='ltr'><strong>somnis</strong></span> <span class='ocrx_word' id='word_1_51' title='bbox 626 1173 828 1269; x_wconf 74' lang='lat' dir='ltr'><strong>amplectiln</strong></span> <span class='ocrx_word' id='word_1_52' title='bbox 854 1188 888 1244; x_wconf 90' lang='lat' dir='ltr'><strong>et</strong></span> <span class='ocrx_word' id='word_1_53' title='bbox 909 1176 1059 1270; x_wconf 90' lang='lat' dir='ltr'><strong>quidem,</strong></span> <span class='ocrx_word' id='word_1_54' title='bbox 1084 1178 1110 1246; x_wconf 93' lang='lat' dir='ltr'><strong>si</strong></span> <span class='ocrx_word' id='word_1_55' title='bbox 1129 1176 1171 1245; x_wconf 91' lang='lat' dir='ltr'><strong>de</strong></span> 
     </span>
     <span class='ocr_line' id='line_1_8' title="bbox 80 1277 1172 1375; baseline 0.001 -28"><span class='ocrx_word' id='word_1_56' title='bbox 80 1281 172 1348; x_wconf 89' lang='lat' dir='ltr'><strong>viro</strong></span> <span class='ocrx_word' id='word_1_57' title='bbox 201 1293 235 1348; x_wconf 91' lang='lat' dir='ltr'><strong>et</strong></span> <span class='ocrx_word' id='word_1_58' title='bbox 257 1279 405 1350; x_wconf 84' lang='lat' dir='ltr'><strong>formosa</strong></span> <span class='ocrx_word' id='word_1_59' title='bbox 428 1285 571 1375; x_wconf 87' lang='lat' dir='ltr'><strong>conjuge</strong></span> <span class='ocrx_word' id='word_1_60' title='bbox 590 1277 736 1351; x_wconf 87' lang='lat' dir='ltr'><strong>dicatur!</strong></span> <span class='ocrx_word' id='word_1_61' title='bbox 753 1280 831 1351; x_wconf 90' lang='lat' dir='ltr'><strong>Non</strong></span> <span class='ocrx_word' id='word_1_62' title='bbox 852 1283 941 1351; x_wconf 88' lang='lat' dir='ltr'><strong>enim</strong></span> <span class='ocrx_word' id='word_1_63' title='bbox 961 1282 1042 1352; x_wconf 90' lang='lat' dir='ltr'><strong>dicit</strong></span> <span class='ocrx_word' id='word_1_64' title='bbox 1066 1286 1172 1369; x_wconf 84' lang='grc' dir='ltr'><strong>βινεῖν,</strong></span> 
     </span>
     <span class='ocr_line' id='line_1_9' title="bbox 83 1385 1172 1482; baseline 0.002 -27"><span class='ocrx_word' id='word_1_65' title='bbox 83 1385 191 1480; x_wconf 85' lang='lat' dir='ltr'><strong>quod</strong></span> <span class='ocrx_word' id='word_1_66' title='bbox 218 1386 457 1482; x_wconf 83' lang='lat' dir='ltr'><strong>Aristophanes</strong></span> <span class='ocrx_word' id='word_1_67' title='bbox 481 1386 634 1472; x_wconf 84' lang='lat' dir='ltr'><strong>dixisset,</strong></span> <span class='ocrx_word' id='word_1_68' title='bbox 655 1412 717 1457; x_wconf 91' lang='lat' dir='ltr'><strong>nec</strong></span> <span class='ocrx_word' id='word_1_69' title='bbox 738 1413 812 1482; x_wconf 85' lang='lat' dir='ltr'><strong>quae</strong></span> <span class='ocrx_word' id='word_1_70' title='bbox 840 1391 873 1457; x_wconf 92' lang='lat' dir='ltr'><strong>in</strong></span> <span class='ocrx_word' id='word_1_71' title='bbox 898 1413 934 1458; x_wconf 87' lang='lat' dir='ltr'><strong>re</strong></span> <span class='ocrx_word' id='word_1_72' title='bbox 957 1387 1015 1459; x_wconf 88' lang='lat' dir='ltr'><strong>tali</strong></span> <span class='ocrx_word' id='word_1_73' title='bbox 1034 1388 1172 1459; x_wconf 89' lang='lat' dir='ltr'><strong>Plautus</strong></span> 
     </span>
     <span class='ocr_line' id='line_1_10' title="bbox 83 1491 1174 1588; baseline 0.002 -27"><span class='ocrx_word' id='word_1_74' title='bbox 83 1517 263 1587; x_wconf 86' lang='lat' dir='ltr'><strong>usurpare</strong></span> <span class='ocrx_word' id='word_1_75' title='bbox 284 1491 387 1579; x_wconf 85' lang='lat' dir='ltr'><strong>solet,</strong></span> <span class='ocrx_word' id='word_1_76' title='bbox 401 1495 458 1588; x_wconf 88' lang='lat' dir='ltr'><strong>qui</strong></span> <span class='ocrx_word' id='word_1_77' title='bbox 478 1519 542 1564; x_wconf 90' lang='lat' dir='ltr'><strong>nee</strong></span> <span class='ocrx_word' id='word_1_78' title='bbox 560 1493 699 1566; x_wconf 81' lang='lat' dir='ltr'><strong>honeste</strong></span> <span class='ocrx_word' id='word_1_79' title='bbox 715 1519 755 1564; x_wconf 89' lang='lat' dir='ltr'><strong>ea</strong></span> <span class='ocrx_word' id='word_1_80' title='bbox 772 1493 871 1582; x_wconf 85' lang='lat' dir='ltr'><strong>dicit,</strong></span> <span class='ocrx_word' id='word_1_81' title='bbox 886 1509 920 1563; x_wconf 92' lang='lat' dir='ltr'><strong>et</strong></span> <span class='ocrx_word' id='word_1_82' title='bbox 936 1494 1092 1568; x_wconf 85' lang='lat' dir='ltr'><strong>obscoene</strong></span> <span class='ocrx_word' id='word_1_83' title='bbox 1111 1497 1174 1564; x_wconf 92' lang='lat' dir='ltr'><strong>cir-</strong></span> 
     </span>
     <span class='ocr_line' id='line_1_11' title="bbox 85 1593 977 1696; baseline 0.002 -29"><span class='ocrx_word' id='word_1_84' title='bbox 85 1598 337 1694; x_wconf 88' lang='lat' dir='ltr'><strong>cumloquitur.</strong></span> <span class='ocrx_word' id='word_1_85' title='bbox 359 1601 447 1669; x_wconf 87' lang='lat' dir='ltr'><strong>Nam</strong></span> <span class='ocrx_word' id='word_1_86' title='bbox 466 1599 575 1696; x_wconf 88' lang='lat' dir='ltr'><strong>qualia</strong></span> <span class='ocrx_word' id='word_1_87' title='bbox 593 1617 671 1672; x_wconf 91' lang='lat' dir='ltr'><strong>sunt</strong></span> <span class='ocrx_word' id='word_1_88' title='bbox 688 1603 749 1672; x_wconf 89' lang='lat' dir='ltr'><strong>ista</strong></span> <span class='ocrx_word' id='word_1_89' title='bbox 766 1597 902 1672; x_wconf 84' lang='lat' dir='ltr'><strong>Casina!</strong></span> <span class='ocrx_word' id='word_1_90' title='bbox 970 1593 977 1604; x_wconf 79' lang='lat'>&#39;</span> 
     </span>
    </p>
   </div>
   <div class='ocr_carea' id='block_1_4' title="bbox 123 1779 1173 2250">
    <p class='ocr_par' dir='ltr' id='par_1_4' title="bbox 123 1779 1173 2250">
     <span class='ocr_line' id='line_1_12' title="bbox 180 1779 1172 1862; baseline 0.004 -24"><span class='ocrx_word' id='word_1_91' title='bbox 180 1783 235 1838; x_wconf 78' lang='grc' dir='ltr'><strong>Οι.</strong></span> <span class='ocrx_word' id='word_1_92' title='bbox 244 1779 303 1842; x_wconf 89' lang='lat' dir='ltr'><strong>Ubi</strong></span> <span class='ocrx_word' id='word_1_93' title='bbox 312 1781 393 1839; x_wconf 89' lang='lat' dir='ltr'><strong>locus</strong></span> <span class='ocrx_word' id='word_1_94' title='bbox 402 1795 534 1859; x_wconf 88' lang='lat' dir='ltr'><strong>sumptus</strong></span> <span class='ocrx_word' id='word_1_95' title='bbox 543 1801 633 1862; x_wconf 81' lang='lat' dir='ltr'><strong>porro</strong></span> <span class='ocrx_word' id='word_1_96' title='bbox 642 1796 699 1856; x_wconf 90' lang='lat' dir='ltr'><strong>est,</strong></span> <span class='ocrx_word' id='word_1_97' title='bbox 711 1784 850 1842; x_wconf 89' lang='lat' dir='ltr'><strong>continno</strong></span> <span class='ocrx_word' id='word_1_98' title='bbox 864 1784 965 1842; x_wconf 87' lang='lat' dir='ltr'><strong>stricto</strong></span> <span class='ocrx_word' id='word_1_99' title='bbox 975 1782 1073 1862; x_wconf 86' lang='lat' dir='ltr'><strong>gladio</strong></span> <span class='ocrx_word' id='word_1_100' title='bbox 1083 1807 1090 1841; x_wconf 94' lang='lat'>:</span> <span class='ocrx_word' id='word_1_101' title='bbox 1099 1787 1172 1842; x_wconf 86' lang='lat' dir='ltr'><strong>atat!</strong></span> 
     </span>
     <span class='ocr_line' id='line_1_13' title="bbox 322 1879 853 1959; baseline 0.004 -23"><span class='ocrx_word' id='word_1_102' title='bbox 322 1882 423 1957; x_wconf 85' lang='lat' dir='ltr'><strong>papae!</strong></span> <span class='ocrx_word' id='word_1_103' title='bbox 439 1885 535 1958; x_wconf 83' lang='lat' dir='ltr'><strong>papae!</strong></span> <span class='ocrx_word' id='word_1_104' title='bbox 552 1882 603 1940; x_wconf 76' lang='lat' dir='ltr'><strong>Cr..</strong></span> <span class='ocrx_word' id='word_1_105' title='bbox 617 1879 695 1954; x_wconf 91' lang='lat' dir='ltr'><strong>Quid</strong></span> <span class='ocrx_word' id='word_1_106' title='bbox 711 1879 742 1937; x_wconf 94' lang='lat' dir='ltr'><strong>id</strong></span> <span class='ocrx_word' id='word_1_107' title='bbox 754 1885 853 1959; x_wconf 71' lang='lat' dir='ltr'><strong>papae!</strong></span> 
     </span>
     <span class='ocr_line' id='line_1_14' title="bbox 123 1975 1173 2054; baseline 0 -22"><span class='ocrx_word' id='word_1_108' title='bbox 123 2043 129 2054; x_wconf 34' lang='lat'><em>¹</em></span> <span class='ocrx_word' id='word_1_109' title='bbox 184 1979 236 2032; x_wconf 79' lang='lat' dir='ltr'><strong>Oc.</strong></span> <span class='ocrx_word' id='word_1_110' title='bbox 253 1975 406 2052; x_wconf 80' lang='lat' dir='ltr'><strong>Flagitium</strong></span> <span class='ocrx_word' id='word_1_111' title='bbox 423 1975 462 2034; x_wconf 91' lang='lat' dir='ltr'><strong>oh</strong></span> <span class='ocrx_word' id='word_1_112' title='bbox 474 1989 537 2035; x_wconf 88' lang='lat' dir='ltr'><strong>erat</strong></span> <span class='ocrx_word' id='word_1_113' title='bbox 551 1977 708 2036; x_wconf 85' lang='lat' dir='ltr'><strong>maximum</strong></span> <span class='ocrx_word' id='word_1_114' title='bbox 719 1999 726 2033; x_wconf 91' lang='lat'><strong>:</strong></span> <span class='ocrx_word' id='word_1_115' title='bbox 739 1977 867 2054; x_wconf 81' lang='lat' dir='ltr'><strong>gladium</strong></span> <span class='ocrx_word' id='word_1_116' title='bbox 883 1995 920 2035; x_wconf 90' lang='lat' dir='ltr'><strong>ne</strong></span> <span class='ocrx_word' id='word_1_117' title='bbox 935 1975 1057 2036; x_wconf 89' lang='lat' dir='ltr'><strong>haberet</strong></span> <span class='ocrx_word' id='word_1_118' title='bbox 1068 1978 1173 2036; x_wconf 86' lang='lat' dir='ltr'><strong>metui:</strong></span> 
     </span>
     <span class='ocr_line' id='line_1_15' title="bbox 327 2071 631 2152; baseline 0.007 -22"><span class='ocrx_word' id='word_1_119' title='bbox 327 2073 358 2131; x_wconf 92' lang='lat' dir='ltr'><strong>id</strong></span> <span class='ocrx_word' id='word_1_120' title='bbox 375 2093 506 2151; x_wconf 88' lang='lat' dir='ltr'><strong>quaerere</strong></span> <span class='ocrx_word' id='word_1_121' title='bbox 521 2071 631 2152; x_wconf 85' lang='lat' dir='ltr'><strong>occepi.</strong></span> 
     </span>
     <span class='ocr_line' id='line_1_16' title="bbox 183 2167 990 2250; baseline 0 -20"><span class='ocrx_word' id='word_1_122' title='bbox 183 2174 263 2230; x_wconf 88' lang='lat' dir='ltr'><strong>Dum</strong></span> <span class='ocrx_word' id='word_1_123' title='bbox 276 2167 404 2248; x_wconf 77' lang='lat' dir='ltr'><strong>gladium</strong></span> <span class='ocrx_word' id='word_1_124' title='bbox 419 2189 455 2228; x_wconf 90' lang='lat' dir='ltr'><strong>ne</strong></span> <span class='ocrx_word' id='word_1_125' title='bbox 471 2169 577 2230; x_wconf 85' lang='lat' dir='ltr'><strong>habeat</strong></span> <span class='ocrx_word' id='word_1_126' title='bbox 592 2189 707 2248; x_wconf 87' lang='lat' dir='ltr'><strong>quaero,</strong></span> <span class='ocrx_word' id='word_1_127' title='bbox 724 2170 834 2250; x_wconf 89' lang='lat' dir='ltr'><strong>arn&#39;pio</strong></span> <span class='ocrx_word' id='word_1_128' title='bbox 844 2169 990 2250; x_wconf 86' lang='lat' dir='ltr'><strong>capulum.</strong></span> 
     </span>
    </p>
   </div>
   <div class='ocr_carea' id='block_1_5' title="bbox 100 2331 1180 2648">
    <p class='ocr_par' dir='ltr' id='par_1_5' title="bbox 100 2331 1180 2648">
     <span class='ocr_line' id='line_1_17' title="bbox 100 2331 1175 2430; baseline -0.002 -26"><span class='ocrx_word' id='word_1_129' title='bbox 100 2337 195 2404; x_wconf 88' lang='lat' dir='ltr'><strong>Nam</strong></span> <span class='ocrx_word' id='word_1_130' title='bbox 216 2348 353 2417; x_wconf 74' lang='lat' dir='ltr'><strong>catera,</strong></span> <span class='ocrx_word' id='word_1_131' title='bbox 374 2335 408 2403; x_wconf 90' lang='lat' dir='ltr'><strong>in</strong></span> <span class='ocrx_word' id='word_1_132' title='bbox 426 2333 545 2430; x_wconf 89' lang='lat' dir='ltr'><strong>quibus</strong></span> <span class='ocrx_word' id='word_1_133' title='bbox 567 2331 666 2428; x_wconf 86' lang='lat' dir='ltr'><strong>plane</strong></span> <span class='ocrx_word' id='word_1_134' title='bbox 686 2331 851 2430; x_wconf 87' lang='lat' dir='ltr'><strong>loquitur,</strong></span> <span class='ocrx_word' id='word_1_135' title='bbox 869 2333 1050 2427; x_wconf 74' lang='lat' dir='ltr'><strong>praesertim</strong></span> <span class='ocrx_word' id='word_1_136' title='bbox 1072 2357 1175 2427; x_wconf 89' lang='lat' dir='ltr'><strong>quum</strong></span> 
     </span>
     <span class='ocr_line' id='line_1_18' title="bbox 100 2439 1176 2536; baseline -0.002 -26"><span class='ocrx_word' id='word_1_137' title='bbox 100 2441 147 2510; x_wconf 90' lang='lat' dir='ltr'><strong>de</strong></span> <span class='ocrx_word' id='word_1_138' title='bbox 164 2444 296 2512; x_wconf 85' lang='lat' dir='ltr'><strong>Venere</strong></span> <span class='ocrx_word' id='word_1_139' title='bbox 315 2440 438 2534; x_wconf 68' lang='grc' dir='ltr'>ἀρρήτῳ</span> <span class='ocrx_word' id='word_1_140' title='bbox 456 2442 540 2536; x_wconf 83' lang='lat' dir='ltr'><strong>agit,</strong></span> <span class='ocrx_word' id='word_1_141' title='bbox 558 2463 691 2510; x_wconf 89' lang='lat' dir='ltr'><strong>cavero</strong></span> <span class='ocrx_word' id='word_1_142' title='bbox 706 2464 748 2509; x_wconf 91' lang='lat' dir='ltr'><strong>ne</strong></span> <span class='ocrx_word' id='word_1_143' title='bbox 764 2463 1028 2511; x_wconf 87' lang='lat' dir='ltr'><strong>commemorare</strong></span> <span class='ocrx_word' id='word_1_144' title='bbox 1044 2439 1176 2534; x_wconf 90' lang='lat' dir='ltr'><strong>quidem</strong></span> 
     </span>
     <span class='ocr_line' id='line_1_19' title="bbox 103 2545 1180 2648; baseline -0.002 -30"><span class='ocrx_word' id='word_1_145' title='bbox 103 2547 205 2648; x_wconf 78' lang='lat' dir='ltr'><strong>malo.</strong></span> <span class='ocrx_word' id='word_1_146' title='bbox 218 2549 304 2619; x_wconf 86' lang='lat' dir='ltr'><strong>Puto</strong></span> <span class='ocrx_word' id='word_1_147' title='bbox 322 2561 434 2618; x_wconf 88' lang='lat' dir='ltr'><strong>autem</strong></span> <span class='ocrx_word' id='word_1_148' title='bbox 451 2550 529 2618; x_wconf 88' lang='lat' dir='ltr'><strong>satis</strong></span> <span class='ocrx_word' id='word_1_149' title='bbox 548 2571 620 2617; x_wconf 88' lang='lat' dir='ltr'><strong>esse</strong></span> <span class='ocrx_word' id='word_1_150' title='bbox 637 2545 866 2632; x_wconf 85' lang='lat' dir='ltr'><strong>manifestum,</strong></span> <span class='ocrx_word' id='word_1_151' title='bbox 882 2547 982 2616; x_wconf 85' lang='lat' dir='ltr'><strong>etiam</strong></span> <span class='ocrx_word' id='word_1_152' title='bbox 1000 2571 1102 2641; x_wconf 89' lang='lat' dir='ltr'><strong>quum</strong></span> <span class='ocrx_word' id='word_1_153' title='bbox 1121 2547 1180 2616; x_wconf 92' lang='lat' dir='ltr'><strong>cir·</strong></span> 
     </span>
    </p>
   </div>
   <div class='ocr_carea' id='block_1_6' title="bbox 103 2653 1184 3258">
    <p class='ocr_par' dir='ltr' id='par_1_6' title="bbox 103 2653 1184 3258">
     <span class='ocr_line' id='line_1_20' title="bbox 103 2653 1178 2750; baseline -0.003 -25"><span class='ocrx_word' id='word_1_154' title='bbox 103 2653 335 2750; x_wconf 89' lang='lat' dir='ltr'><strong>cumloquitur</strong></span> <span class='ocrx_word' id='word_1_155' title='bbox 358 2679 432 2748; x_wconf 80' lang='lat' dir='ltr'><strong>quae</strong></span> <span class='ocrx_word' id='word_1_156' title='bbox 458 2677 576 2748; x_wconf 88' lang='lat' dir='ltr'><strong>parum</strong></span> <span class='ocrx_word' id='word_1_157' title='bbox 599 2668 678 2722; x_wconf 89' lang='lat' dir='ltr'><strong>sunt</strong></span> <span class='ocrx_word' id='word_1_158' title='bbox 701 2653 861 2738; x_wconf 86' lang='lat' dir='ltr'><strong>honesta,</strong></span> <span class='ocrx_word' id='word_1_159' title='bbox 881 2677 924 2722; x_wconf 91' lang='lat' dir='ltr'><strong>ne</strong></span> <span class='ocrx_word' id='word_1_160' title='bbox 944 2653 1084 2722; x_wconf 90' lang='lat' dir='ltr'><strong>honeste</strong></span> <span class='ocrx_word' id='word_1_161' title='bbox 1107 2655 1178 2748; x_wconf 90' lang='lat' dir='ltr'><strong>qui·</strong></span> 
     </span>
     <span class='ocr_line' id='line_1_21' title="bbox 104 2757 1179 2851; baseline -0.001 -20"><span class='ocrx_word' id='word_1_162' title='bbox 104 2761 205 2851; x_wconf 89' lang='lat' dir='ltr'><strong>dem,</strong></span> <span class='ocrx_word' id='word_1_163' title='bbox 220 2775 255 2831; x_wconf 90' lang='lat' dir='ltr'><strong>et</strong></span> <span class='ocrx_word' id='word_1_164' title='bbox 278 2785 355 2830; x_wconf 91' lang='lat' dir='ltr'><strong>curn</strong></span> <span class='ocrx_word' id='word_1_165' title='bbox 379 2760 594 2831; x_wconf 88' lang='lat' dir='ltr'><strong>honestarum</strong></span> <span class='ocrx_word' id='word_1_166' title='bbox 614 2761 745 2830; x_wconf 88' lang='lat' dir='ltr'><strong>aurium</strong></span> <span class='ocrx_word' id='word_1_167' title='bbox 765 2757 917 2846; x_wconf 86' lang='lat' dir='ltr'><strong>fastidio,</strong></span> <span class='ocrx_word' id='word_1_168' title='bbox 940 2759 974 2828; x_wconf 91' lang='lat' dir='ltr'><strong>id</strong></span> <span class='ocrx_word' id='word_1_169' title='bbox 987 2759 1069 2828; x_wconf 89' lang='lat' dir='ltr'><strong>fieri.</strong></span> <span class='ocrx_word' id='word_1_170' title='bbox 1078 2760 1179 2830; x_wconf 89' lang='lat' dir='ltr'><strong>Vides</strong></span> 
     </span>
     <span class='ocr_line' id='line_1_22' title="bbox 106 2865 1181 2963; baseline -0.001 -25"><span class='ocrx_word' id='word_1_171' title='bbox 106 2894 189 2963; x_wconf 88' lang='lat' dir='ltr'><strong>ergo</strong></span> <span class='ocrx_word' id='word_1_172' title='bbox 210 2869 332 2963; x_wconf 87' lang='lat' dir='ltr'><strong>passim</strong></span> <span class='ocrx_word' id='word_1_173' title='bbox 351 2867 482 2937; x_wconf 86' lang='lat' dir='ltr'><strong>Veteris</strong></span> <span class='ocrx_word' id='word_1_174' title='bbox 502 2867 702 2962; x_wconf 81' lang='lat' dir='ltr'><strong>imaginem,</strong></span> <span class='ocrx_word' id='word_1_175' title='bbox 716 2867 832 2954; x_wconf 85' lang='lat' dir='ltr'><strong>etiam,</strong></span> <span class='ocrx_word' id='word_1_176' title='bbox 847 2866 888 2935; x_wconf 94' lang='lat' dir='ltr'><strong>de</strong></span> <span class='ocrx_word' id='word_1_177' title='bbox 903 2890 970 2961; x_wconf 92' lang='lat' dir='ltr'><strong>quo</strong></span> <span class='ocrx_word' id='word_1_178' title='bbox 986 2891 1064 2935; x_wconf 81' lang='lat' dir='ltr'><strong>mox</strong></span> <span class='ocrx_word' id='word_1_179' title='bbox 1080 2865 1181 2962; x_wconf 87' lang='lat' dir='ltr'><strong>paulo</strong></span> 
     </span>
     <span class='ocr_line' id='line_1_23' title="bbox 107 2971 1182 3071; baseline -0.003 -25"><span class='ocrx_word' id='word_1_180' title='bbox 107 2989 202 3071; x_wconf 89' lang='lat' dir='ltr'><strong>post,</strong></span> <span class='ocrx_word' id='word_1_181' title='bbox 231 2973 405 3046; x_wconf 83' lang='lat' dir='ltr'><strong>dicacitate</strong></span> <span class='ocrx_word' id='word_1_182' title='bbox 438 2997 478 3043; x_wconf 89' lang='lat' dir='ltr'><strong>ac</strong></span> <span class='ocrx_word' id='word_1_183' title='bbox 508 2971 746 3044; x_wconf 86' lang='lat' dir='ltr'><strong>maledicentia.</strong></span> <span class='ocrx_word' id='word_1_184' title='bbox 776 2973 860 3062; x_wconf 84' lang='lat' dir='ltr'><strong>Quae</strong></span> <span class='ocrx_word' id='word_1_185' title='bbox 894 2972 1031 3043; x_wconf 79' lang='lat' dir='ltr'><strong>Athenis</strong></span> <span class='ocrx_word' id='word_1_186' title='bbox 1061 2975 1182 3068; x_wconf 85' lang='lat' dir='ltr'><strong>partim</strong></span> 
     </span>
     <span class='ocr_line' id='line_1_24' title="bbox 107 3078 1179 3178; baseline -0.001 -28"><span class='ocrx_word' id='word_1_187' title='bbox 107 3081 221 3178; x_wconf 86' lang='lat' dir='ltr'><strong>leges,</strong></span> <span class='ocrx_word' id='word_1_188' title='bbox 237 3082 359 3176; x_wconf 89' lang='lat' dir='ltr'><strong>partim</strong></span> <span class='ocrx_word' id='word_1_189' title='bbox 381 3095 512 3162; x_wconf 87' lang='lat' dir='ltr'><strong>metus,</strong></span> <span class='ocrx_word' id='word_1_190' title='bbox 529 3080 652 3174; x_wconf 90' lang='lat' dir='ltr'><strong>partim</strong></span> <span class='ocrx_word' id='word_1_191' title='bbox 669 3079 741 3172; x_wconf 88' lang='lat' dir='ltr'><strong>ipsa</strong></span> <span class='ocrx_word' id='word_1_192' title='bbox 755 3078 943 3149; x_wconf 87' lang='lat' dir='ltr'><strong>emendavit</strong></span> <span class='ocrx_word' id='word_1_193' title='bbox 959 3081 1061 3168; x_wconf 88' lang='lat' dir='ltr'><strong>ratio,</strong></span> <span class='ocrx_word' id='word_1_194' title='bbox 1076 3105 1179 3175; x_wconf 89' lang='lat' dir='ltr'><strong>quum</strong></span> 
     </span>
     <span class='ocr_line' id='line_1_25' title="bbox 110 3185 1184 3258; baseline -0.002 0"><span class='ocrx_word' id='word_1_195' title='bbox 110 3205 226 3258; x_wconf 88' lang='lat' dir='ltr'><strong>tamen</strong></span> <span class='ocrx_word' id='word_1_196' title='bbox 248 3187 318 3258; x_wconf 88' lang='lat' dir='ltr'><strong>sola</strong></span> <span class='ocrx_word' id='word_1_197' title='bbox 335 3188 438 3257; x_wconf 91' lang='lat' dir='ltr'><strong>risum</strong></span> <span class='ocrx_word' id='word_1_198' title='bbox 462 3185 647 3256; x_wconf 88' lang='lat' dir='ltr'><strong>felicissime</strong></span> <span class='ocrx_word' id='word_1_199' title='bbox 666 3200 849 3255; x_wconf 86' lang='lat' dir='ltr'><strong>moverent.</strong></span> <span class='ocrx_word' id='word_1_200' title='bbox 870 3189 974 3258; x_wconf 85' lang='lat' dir='ltr'><strong>Novae</strong></span> <span class='ocrx_word' id='word_1_201' title='bbox 996 3201 1106 3258; x_wconf 86' lang='lat' dir='ltr'><strong>autem</strong></span> <span class='ocrx_word' id='word_1_202' title='bbox 1126 3209 1184 3256; x_wconf 84' lang='lat' dir='ltr'><strong>rex</strong></span> 
     </span>
    </p>
   </div>
   <div class='ocr_carea' id='block_1_7' title="bbox 111 3291 1190 4171">
    <p class='ocr_par' dir='ltr' id='par_1_7' title="bbox 111 3291 1190 4171">
     <span class='ocr_line' id='line_1_26' title="bbox 111 3291 1183 3391; baseline -0.004 -25"><span class='ocrx_word' id='word_1_203' title='bbox 111 3297 334 3391; x_wconf 83' lang='lat' dir='ltr'><strong>princepsque</strong></span> <span class='ocrx_word' id='word_1_204' title='bbox 354 3292 541 3364; x_wconf 84' lang='lat' dir='ltr'><strong>Menander</strong></span> <span class='ocrx_word' id='word_1_205' title='bbox 555 3291 635 3363; x_wconf 91' lang='lat' dir='ltr'><strong>fuit:</strong></span> <span class='ocrx_word' id='word_1_206' title='bbox 656 3292 751 3386; x_wconf 89' lang='lat' dir='ltr'><strong>cujus</strong></span> <span class='ocrx_word' id='word_1_207' title='bbox 769 3316 922 3390; x_wconf 85' lang='lat' dir='ltr'><strong>expressa</strong></span> <span class='ocrx_word' id='word_1_208' title='bbox 936 3294 1046 3389; x_wconf 85' lang='lat' dir='ltr'><strong>imago</strong></span> <span class='ocrx_word' id='word_1_209' title='bbox 1062 3317 1101 3363; x_wconf 86' lang='lat' dir='ltr'><strong>ac</strong></span> <span class='ocrx_word' id='word_1_210' title='bbox 1112 3291 1183 3362; x_wconf 85' lang='lat' dir='ltr'><strong>effi·</strong></span> 
     </span>
     <span class='ocr_line' id='line_1_27' title="bbox 112 3401 1184 3498; baseline -0.005 -25"><span class='ocrx_word' id='word_1_211' title='bbox 112 3405 183 3498; x_wconf 85' lang='lat' dir='ltr'><strong>gies</strong></span> <span class='ocrx_word' id='word_1_212' title='bbox 205 3401 391 3472; x_wconf 87' lang='lat' dir='ltr'><strong>Terentius.</strong></span> <span class='ocrx_word' id='word_1_213' title='bbox 414 3401 526 3490; x_wconf 88' lang='lat' dir='ltr'><strong>Quam</strong></span> <span class='ocrx_word' id='word_1_214' title='bbox 547 3423 650 3489; x_wconf 87' lang='lat' dir='ltr'><strong>quum</strong></span> <span class='ocrx_word' id='word_1_215' title='bbox 673 3413 812 3494; x_wconf 88' lang='lat' dir='ltr'><strong>uterquc</strong></span> <span class='ocrx_word' id='word_1_216' title='bbox 837 3401 1034 3494; x_wconf 86' lang='lat' dir='ltr'><strong>accepisset,</strong></span> <span class='ocrx_word' id='word_1_217' title='bbox 1055 3401 1184 3470; x_wconf 84' lang='lat' dir='ltr'><strong>Aristo-</strong></span> 
     </span>
     <span class='ocr_line' id='line_1_28' title="bbox 113 3505 1186 3604; baseline -0.003 -24"><span class='ocrx_word' id='word_1_218' title='bbox 113 3509 235 3604; x_wconf 84' lang='lat' dir='ltr'><strong>phanis</strong></span> <span class='ocrx_word' id='word_1_219' title='bbox 258 3510 398 3576; x_wconf 87' lang='lat' dir='ltr'><strong>virtutes</strong></span> <span class='ocrx_word' id='word_1_220' title='bbox 424 3507 489 3576; x_wconf 89' lang='lat' dir='ltr'><strong>hac</strong></span> <span class='ocrx_word' id='word_1_221' title='bbox 517 3506 670 3576; x_wconf 90' lang='lat' dir='ltr'><strong>mercede</strong></span> <span class='ocrx_word' id='word_1_222' title='bbox 695 3509 855 3603; x_wconf 82' lang='lat' dir='ltr'><strong>expressit</strong></span> <span class='ocrx_word' id='word_1_223' title='bbox 878 3505 1034 3591; x_wconf 87' lang='lat' dir='ltr'><strong>Plautus,</strong></span> <span class='ocrx_word' id='word_1_224' title='bbox 1064 3520 1102 3575; x_wconf 89' lang='lat' dir='ltr'><strong>ut</strong></span> <span class='ocrx_word' id='word_1_225' title='bbox 1125 3531 1186 3577; x_wconf 89' lang='lat' dir='ltr'><strong>nec</strong></span> 
     </span>
     <span class='ocr_line' id='line_1_29' title="bbox 114 3606 1186 3710; baseline -0.002 -26"><span class='ocrx_word' id='word_1_226' title='bbox 114 3639 233 3686; x_wconf 87' lang='lat' dir='ltr'><strong>omnes</strong></span> <span class='ocrx_word' id='word_1_227' title='bbox 251 3629 381 3710; x_wconf 87' lang='lat' dir='ltr'><strong>posset,</strong></span> <span class='ocrx_word' id='word_1_228' title='bbox 400 3606 505 3708; x_wconf 89' lang='lat' dir='ltr'><strong>(quod</strong></span> <span class='ocrx_word' id='word_1_229' title='bbox 523 3627 557 3683; x_wconf 86' lang='lat' dir='ltr'><strong>et</strong></span> <span class='ocrx_word' id='word_1_230' title='bbox 571 3611 691 3708; x_wconf 85' lang='lat' dir='ltr'><strong>linguae</strong></span> <span class='ocrx_word' id='word_1_231' title='bbox 705 3612 899 3701; x_wconf 85' lang='lat' dir='ltr'><strong>diversitas,</strong></span> <span class='ocrx_word' id='word_1_232' title='bbox 912 3626 945 3681; x_wconf 89' lang='lat' dir='ltr'><strong>et</strong></span> <span class='ocrx_word' id='word_1_233' title='bbox 957 3615 1186 3684; x_wconf 86' lang='lat' dir='ltr'><strong>Romanorum</strong></span> 
     </span>
     <span class='ocr_line' id='line_1_30' title="bbox 116 3719 1188 3818; baseline -0.002 -28"><span class='ocrx_word' id='word_1_234' title='bbox 116 3720 223 3818; x_wconf 83' lang='lat' dir='ltr'><strong>leges,</strong></span> <span class='ocrx_word' id='word_1_235' title='bbox 246 3736 280 3792; x_wconf 91' lang='lat' dir='ltr'><strong>et</strong></span> <span class='ocrx_word' id='word_1_236' title='bbox 307 3736 479 3815; x_wconf 81' lang='lat' dir='ltr'><strong>tempora,</strong></span> <span class='ocrx_word' id='word_1_237' title='bbox 502 3745 541 3789; x_wconf 86' lang='lat' dir='ltr'><strong>ac</strong></span> <span class='ocrx_word' id='word_1_238' title='bbox 564 3719 901 3816; x_wconf 83' lang='lat' dir='ltr'><strong>ilerumpuhlicarurn</strong></span> <span class='ocrx_word' id='word_1_239' title='bbox 925 3721 1011 3790; x_wconf 86' lang='lat' dir='ltr'><strong>ratio</strong></span> <span class='ocrx_word' id='word_1_240' title='bbox 1034 3720 1188 3802; x_wconf 80' lang='lat' dir='ltr'><strong>vetabat,</strong></span> 
     </span>
     <span class='ocr_line' id='line_1_31' title="bbox 118 3823 1189 3922; baseline -0.003 -24"><span class='ocrx_word' id='word_1_241' title='bbox 118 3829 246 3902; x_wconf 88' lang='lat' dir='ltr'><strong>sublata</strong></span> <span class='ocrx_word' id='word_1_242' title='bbox 270 3829 340 3922; x_wconf 87' lang='lat' dir='ltr'><strong>jam</strong></span> <span class='ocrx_word' id='word_1_243' title='bbox 365 3823 582 3896; x_wconf 89' lang='lat' dir='ltr'><strong>maledicendi</strong></span> <span class='ocrx_word' id='word_1_244' title='bbox 604 3825 773 3908; x_wconf 86' lang='lat' dir='ltr'><strong>libertate,</strong></span> <span class='ocrx_word' id='word_1_245' title='bbox 798 3851 871 3920; x_wconf 75' lang='lat' dir='ltr'><strong>qua</strong></span> <span class='ocrx_word' id='word_1_246' title='bbox 894 3827 1077 3922; x_wconf 73' lang='lat' dir='ltr'><strong>praecipua,</strong></span> <span class='ocrx_word' id='word_1_247' title='bbox 1098 3826 1189 3921; x_wconf 93' lang='lat' dir='ltr'><strong>quod</strong></span> 
     </span>
     <span class='ocr_line' id='line_1_32' title="bbox 119 3927 1188 4031; baseline -0.002 -28"><span class='ocrx_word' id='word_1_248' title='bbox 119 3959 218 4007; x_wconf 89' lang='lat' dir='ltr'><strong>nemo</strong></span> <span class='ocrx_word' id='word_1_249' title='bbox 234 3937 359 4024; x_wconf 91' lang='lat' dir='ltr'><strong>nescit,</strong></span> <span class='ocrx_word' id='word_1_250' title='bbox 374 3943 430 4002; x_wconf 80' lang='grc' dir='ltr'><strong>τοῦ</strong></span> <span class='ocrx_word' id='word_1_251' title='bbox 447 3934 566 4031; x_wconf 77' lang='grc' dir='ltr'><strong>γελοίου</strong></span> <span class='ocrx_word' id='word_1_252' title='bbox 585 3957 662 4030; x_wconf 86' lang='lat' dir='ltr'><strong>pars</strong></span> <span class='ocrx_word' id='word_1_253' title='bbox 682 3949 732 4004; x_wconf 87' lang='lat' dir='ltr'><strong>cst</strong></span> <span class='ocrx_word' id='word_1_254' title='bbox 742 3927 772 4022; x_wconf 86' lang='lat'><strong>‚)</strong></span> <span class='ocrx_word' id='word_1_255' title='bbox 788 3947 821 4001; x_wconf 91' lang='lat' dir='ltr'><strong>et</strong></span> <span class='ocrx_word' id='word_1_256' title='bbox 836 3957 1055 4028; x_wconf 78' lang='lat' dir='ltr'><strong>quacumque</strong></span> <span class='ocrx_word' id='word_1_257' title='bbox 1067 3934 1100 4001; x_wconf 93' lang='lat' dir='ltr'><strong>in</strong></span> <span class='ocrx_word' id='word_1_258' title='bbox 1116 3936 1188 4002; x_wconf 89' lang='lat' dir='ltr'><strong>Ari-</strong></span> 
     </span>
     <span class='ocr_line' id='line_1_33' title="bbox 121 4039 1190 4171; baseline 0.002 -61"><span class='ocrx_word' id='word_1_259' title='bbox 121 4045 283 4140; x_wconf 87' lang='lat' dir='ltr'><strong>stophane</strong></span> <span class='ocrx_word' id='word_1_260' title='bbox 311 4040 509 4116; x_wconf 86' lang='lat' dir='ltr'><strong>Plutarchus</strong></span> <span class='ocrx_word' id='word_1_261' title='bbox 530 4066 549 4111; x_wconf 86' lang='lat' dir='ltr'><strong>a</strong></span> <span class='ocrx_word' id='word_1_262' title='bbox 578 4043 747 4112; x_wconf 87' lang='lat' dir='ltr'><strong>communi</strong></span> <span class='ocrx_word' id='word_1_263' title='bbox 772 4039 1190 4171; x_wconf 45' lang='lat' dir='ltr'><strong>consuetudinesloquendi</strong></span> 
     </span>
    </p>
   </div>
   <div class='ocr_carea' id='block_1_8' title="bbox 986 4173 1006 4240">
    <p class='ocr_par' dir='ltr' id='par_1_8' title="bbox 986 4173 1006 4240">
     <span class='ocr_line' id='line_1_34' title="bbox 986 4173 1006 4240; baseline 0 0"><span class='ocrx_word' id='word_1_264' title='bbox 986 4173 1006 4240; x_wconf 66' lang='lat' dir='ltr'><strong>‘l</strong></span> 
     </span>
    </p>
   </div>
   <div class='ocr_carea' id='block_1_9' title="bbox 0 0 1506 4866">
    <p class='ocr_par' dir='ltr' id='par_1_9' title="bbox 0 0 1506 4866">
     <span class='ocr_line' id='line_1_35' title="bbox 0 0 1506 4866; baseline 0 0"><span class='ocrx_word' id='word_1_265' title='bbox 0 0 1506 4866; x_wconf 95' lang='lat' dir='ltr'><strong> </strong></span> 
     </span>
    </p>
   </div>
  </div>
 </body>
</html>
