2926 4858
268 393 313 440 cx
425 368 641 437 DANIELIS
668 368 839 436 HEINSII
865 368 1170 436 DISSERTATIO.

268 501 378 574 cunda
388 514 439 572 est
451 501 488 568 τὸ
498 497 685 594 iloc,quod
691 523 797 594 quum
813 500 968 570 Terentio
983 502 1129 596 assignat
1146 503 1275 588 Varro,
1292 501 1338 572 lo-

267 633 345 678 cum
363 604 408 678 illi
431 608 621 703 proximum
639 605 800 677 concedit.
822 606 924 696 Quod
945 633 1013 676 uon
1037 622 1147 702 potest
1166 609 1341 702 ignorare,

267 718 326 811 qui
346 717 500 809 antiquos
514 714 676 801 Criticos,
696 713 857 807 imprimis
878 727 989 784 autem
1010 713 1240 800 Aristotelem,
1261 741 1340 786 cum

268 846 349 892 cura
366 820 446 917 legit
463 845 502 891 ac
524 818 689 915 intelligit.
708 821 877 890 Sermonis
896 821 984 889 enim
999 819 1087 907 laus,
1103 845 1203 915 quam
1219 819 1340 892 Plauto

268 929 369 998 tribui
387 930 429 997 ah
444 953 484 996 eo
499 926 635 1014 volunt,
648 941 777 996 tantum
792 927 886 996 abest
905 941 942 996 ut
956 951 1033 997 cum
1046 925 1179 1022 reliquis
1192 927 1340 998 conferri

267 1037 392 1131 possit,
411 1049 449 1104 ut
466 1048 635 1129 postremo
653 1032 747 1116 loco,
769 1048 804 1103 et
825 1049 902 1129 post
923 1037 979 1108 rh
1001 1025 1158 1121 διάνοιαν,
1181 1049 1338 1129 ponatur.

266 1144 382 1232 Quare
399 1165 440 1210 ert
454 1141 615 1210 sententia
629 1141 808 1228 Varronis,
825 1141 883 1235 qui
900 1139 955 1210 hic
978 1139 1189 1210 Aristotelem
1204 1165 1339 1235 expres·

266 1251 331 1337 sit,
354 1249 479 1343 primus
506 1261 557 1316 est
581 1245 755 1329 Caeeilius,
782 1245 948 1316 secundus
969 1260 1019 1316 est
1041 1249 1236 1316 Terentius:
1253 1272 1340 1341 quos

263 1354 383 1430 deindo
394 1353 530 1424 Plautus
541 1355 699 1448 sequitur.
712 1352 816 1443 Quod
831 1352 975 1422 debebat
986 1354 1147 1448 cogitasse
1166 1354 1261 1422 Siren
1274 1354 1339 1423 aevi

264 1463 370 1534 nostri
387 1464 500 1530 Justus
518 1461 669 1555 Lipsius:
689 1461 745 1555 qui
765 1457 916 1554 profecto
937 1457 1047 1529 locum
1068 1461 1189 1528 summi
1209 1460 1338 1528 Roma·

264 1592 385 1637 norum
409 1567 525 1636 Critiei
545 1591 613 1635 non
636 1567 830 1661 penetravit.
844 1567 889 1634 Τὸ
903 1563 974 1643 ἦθος
997 1579 1108 1634 autem
1128 1564 1246 1634 Plauto
1263 1568 1338 1634 Ho-

265 1677 368 1744 ratius
385 1672 571 1768 abjudicat,
589 1697 693 1766 quum
709 1673 839 1766 inquit:

750 1853 857 1932 Aspice
870 1853 989 1912 Plautus

427 1957 494 2024 Quo
506 1965 593 2029 pacto
606 1963 704 2030 partes
721 1963 832 2008 tutetur
845 1952 969 2010 amantis
985 1949 1103 2029 ephebi.

264 2153 308 2221 Et
322 2149 454 2218 videtur
471 2147 656 2218 Charinum
675 2145 832 2216 habuisse
850 2149 884 2213 in
914 2147 1044 2231 animo,
1066 2146 1122 2238 qui
1146 2147 1340 2216 Mercatore

264 2259 301 2326 τὸ
312 2257 437 2349 μανικὸν
450 2254 501 2322 καὶ
512 2257 551 2322 τὸ
563 2254 705 2345 ἐρωτικὸν
723 2251 900 2321 confundit
911 2249 1000 2338 ἦθος,
1013 2251 1078 2320 hoc
1093 2265 1161 2338 est,
1172 2253 1218 2320 ita
1232 2269 1338 2335 amat,

263 2378 300 2432 ut
314 2360 543 2431 Menaechmus
556 2358 644 2427 furit.
661 2361 784 2427 Furere
800 2372 911 2427 autern
925 2383 994 2454 prae
1007 2382 1138 2443 amore,
1154 2359 1339 2430 Comoedia)

263 2493 332 2537 non
347 2465 437 2553 ἦθος,
457 2463 513 2534 sed
530 2463 713 2560 Tragoediae
727 2480 778 2534 est
789 2464 906 2545 πάθοςτ
920 2479 958 2534 ut
976 2491 1016 2533 ex
1032 2464 1185 2533 Phaedria
1195 2465 1338 2560 aliisque

262 2589 362 2671 patet.
393 2567 537 2662 Quare?
555 2573 632 2664 quia
659 2571 754 2651 πάθος
779 2569 913 2667 aliquod
938 2573 1083 2640 immane
1112 2586 1335 2666 exspectatur.

261 2679 362 2772 Quod
380 2669 593 2773 Tragoediam
614 2678 804 2764 coustituit,
827 2692 865 2747 ut
885 2673 1054 2771 μετάόασις
1076 2679 1256 2747 conveniat
1276 2677 1336 2748 fu·

262 2787 358 2856 renti.
378 2783 444 2854 Sed
462 2785 534 2852 haec
548 2782 693 2853 triuiales
706 2810 774 2854 nou
792 2783 1005 2879 intelligunt:
1022 2785 1078 2879 qui
1094 2810 1262 2854 summum
1283 2785 1336 2854 vi·
1422 2811 1425 2822 ·

261 2917 335 2963 rum
357 2889 569 2960 Aristotelem
591 2905 659 2959 tam
675 2889 772 2960 facile
788 2905 1024 2976 contemnunt,
1040 2915 1141 2986 quam
1159 2916 1220 2960 nos
1239 2905 1273 2960 et
1283 2891 1338 2986 ju·

260 3000 346 3070 dicia
366 2997 498 3067 illorum
523 3011 557 3065 et
581 2997 757 3091 magistros
784 2999 903 3068 merito
924 2999 1185 3086 contemnimus,
1210 2998 1346 3092 quibus·

259 3127 454 3202 persuasum
477 3119 548 3189 est,
576 3127 710 3173 omnem
731 3128 845 3174 veram
869 3103 1088 3188 eruditionem
1116 3129 1156 3173 ex
1177 3103 1244 3174 hoc
1263 3130 1335 3174 uno

260 3213 352 3282 fonte
376 3208 603 3306 limpidissimo
623 3210 810 3306 petendam.
831 3211 997 3282 Charinus
1022 3225 1133 3308 eutem
1158 3209 1268 3281 Plauti
1290 3211 1336 3280 ad

258 3315 472 3415 frigiditatem
496 3341 600 3412 usque
616 3315 717 3405 calet,
740 3307 927 3412 quam'n'ori
946 3315 1057 3413 potuit
1073 3319 1188 3387 vitare.
1209 3316 1335 3407 Qualia

260 3441 339 3496 sunt
355 3427 434 3510 ista,
449 3427 555 3496 Scene
571 3426 722 3493 «Divum
743 3438 843 3520 atque
858 3423 1034 3494 'hominum
1049 3449 1086 3492 :n

674 3611 740 3668 tam
751 3609 882 3685 Cyprum
894 3607 979 3679 veni,
992 3619 1049 3668 etc.

257 3735 360 3820 Item,

331 3920 423 3974 Porro
438 3913 607 3990 proficiscor
623 3915 786 3992 quaesitum.
798 3917 885 3974 Nunc
898 3914 1020 3994 perveni
1033 3913 1214 3974 Chalcidem.

332 4009 426 4068 Video
441 4007 483 4068 ibi
496 4010 641 4089 hospitem
653 4011 813 4090 Zacyntho.
825 4013 901 4072 Dico
913 4012 985 4091 quid
1000 4031 1036 4072 eo
1048 4013 1216 4074 advenerim
1229 4037 1237 4072 ε
