2890 4866
456 364 525 430 DE
552 361 814 432 THE'ATRO.
1070 387 1172 434 Lxxrx

91 511 152 556 eos
165 483 401 580 undecumque
410 485 659 572 commeabant,
669 481 763 553 nullo
779 483 866 552 inter
878 483 1171 556 conscendendum

89 596 191 666 alteri
210 619 334 666 noxam
354 592 525 664 afferente.
543 593 633 664 Illuc
658 608 771 664 autem
798 617 860 687 per
885 618 1009 664 cuneos
1031 597 1171 666 accede-

89 707 199 791 baut,
218 705 278 799 qui
306 718 379 773 tum
398 703 434 773 in
455 704 522 773 ima
544 705 682 774 Theatri
703 729 822 792 cavea,
843 718 917 774 tum
945 707 1045 776 etiam
1069 733 1171 803 supra

92 815 229 910 ipsam,
250 812 335 882 adeo
361 814 532 909 ingeniose
559 814 761 884 conformati
778 829 896 904 erant,
920 831 957 884 ut
985 816 1027 885 ab
1048 817 1087 886 iis
1111 843 1171 915 per

88 923 176 994 alios
194 922 337 994 scalares
358 924 483 1020 gradus
503 924 547 994 ad
563 923 746 1020 quemlibet
765 923 907 1018 gradum
929 927 1168 1020 spectatorium

88 1033 199 1106 facilis
215 1049 345 1130 pateret
362 1059 528 1106 ascensus.
548 1037 658 1106 Gunei
677 1033 945 1132 spectaculorum
962 1037 1088 1133 (inquit
1106 1040 1169 1109 Vi·

88 1144 238 1239 truvius)
254 1146 289 1214 in
302 1145 448 1216 Theatra
465 1148 513 1216 ita
526 1145 736 1233 dividantur,
750 1147 799 1215 uti
814 1145 929 1241 anguli
944 1149 1168 1242 trigonorum,

89 1256 155 1350 qui
182 1270 326 1326 currunt
353 1258 481 1326 circum
507 1271 721 1326 curvaturam
748 1257 997 1344 circinationis,
1022 1257 1171 1354 dirigant

85 1391 266 1454 aseensus,
284 1365 455 1464 scalasque
474 1368 563 1436 inter
587 1391 712 1436 cuneos
729 1365 773 1448 ad
792 1367 934 1460 primam
956 1367 1168 1461 praecinctio·

86 1501 181 1548 nem.
196 1481 306 1574 Supra
322 1492 437 1548 autem
448 1475 585 1548 alternis
600 1477 776 1547 itineribus
790 1477 977 1572 superiores
988 1477 1086 1548 cunei
1101 1504 1169 1548 me-

86 1587 139 1656 dii
158 1587 358 1682 dirigantur.
381 1590 516 1674 Gnaei,
537 1589 570 1658 in
591 1589 660 1658 imo
684 1587 867 1684 dirigentes
886 1588 1049 1674 scalaria,
1071 1605 1169 1660 erant

89 1723 234 1768 numero
247 1714 385 1794 septem.
395 1698 531 1768 Gradus
542 1697 829 1794 spectaculorum,
843 1699 894 1768 uti
908 1698 1065 1768 subsellia
1079 1725 1169 1770 com·
1219 1781 1221 1788 Ι
1312 1715 1315 1722 ’

88 1809 217 1904 posita,
235 1822 332 1878 erant
349 1833 420 1878 non
438 1808 551 1879 minus
571 1807 630 1880 alti
650 1807 761 1904 palmo
778 1808 964 1904 pede,non
982 1808 1058 1905 plus
1081 1809 1168 1906 pede
1196 1831 1198 1846 ’

88 1935 125 1989 et
145 1919 259 2016 digitis
278 1943 356 2008 sex,
377 1918 570 1990 latitudines
583 1943 701 1990 eorum
720 1944 788 1989 non
807 1918 882 2014 plus
901 1919 1001 2014 pedes
1019 1919 1103 1990 duos
1117 1945 1167 1992 se·

87 2029 177 2117 mis,
196 2055 267 2100 non
289 2030 400 2100 minus
419 2028 521 2124 pedes
546 2028 632 2100 duos
657 2031 969 2118 constituebantur,
994 2045 1031 2100 ut
1054 2031 1167 2124 perid

87 2141 236 2234 spatium
256 2139 374 2228 latius,
393 2163 451 2210 seu
467 2165 529 2236 per
542 2138 774 2210 ambulacrum
787 2139 975 2235 quoddam,
991 2139 1084 2209 nullo
1106 2167 1168 2210 ne-

88 2251 201 2346 gotio,
215 2251 281 2321 huc
294 2266 396 2346 atque
414 2250 494 2322 illuc
505 2307 515 2342 ,
528 2251 573 2322 ad
584 2277 705 2322 vacuas
715 2251 809 2322 sedes
823 2251 992 2322 deerraret
1009 2251 1168 2347 populus,

88 2362 217 2457 absque
229 2385 345 2432 eorum
362 2361 593 2447 incommodo,
605 2364 662 2458 qui
671 2363 742 2456 jam
756 2360 995 2434 consedissent.
1005 2364 1085 2432 Post
1099 2378 1167 2434 tres

88 2497 224 2568 quoque
239 2470 389 2568 singulos
403 2472 541 2569 gradus,
558 2473 616 2568 qui
635 2488 774 2567 quartus
789 2475 825 2543 in
843 2471 997 2542 ordinem
1015 2472 1167 2544 succede·

88 2583 165 2670 bat,
189 2583 295 2679 duplo
314 2582 413 2653 latior
433 2598 506 2653 erat
524 2584 669 2667 caeteris,
688 2584 732 2654 ad
751 2583 910 2654 leviorem
927 2584 1064 2655 Theatri
1085 2609 1164 2679 pro-

86 2693 289 2782 clivitatem,
309 2707 343 2764 et
363 2707 403 2764 ut
430 2693 570 2791 singulis
594 2694 770 2765 ordinibus
797 2693 920 2790 singuli
947 2710 1015 2764 tres
1039 2695 1165 2790 gradus

87 2800 371 2898 relinquerentur.
394 2807 466 2892 Ac,
492 2829 535 2874 ne
562 2803 726 2900 petulanti
751 2819 811 2875 aut
835 2803 992 2875 insolenti
1014 2805 1164 2901 popule,

88 2925 230 3007 propter
243 2913 336 2983 sedes
349 2915 563 3008 quantumvis
577 2939 711 2986 accessu
725 2913 853 3000 faciles,
869 2915 1073 3010 preberetur
1085 2917 1163 2986 rixae

87 3037 351 3110 causa,cautum
365 3038 491 3094 eratne
503 3023 644 3120 quilibet
657 3025 910 3120 inquibuslibet
923 3025 1075 3098 sederent
1087 3053 1163 3123 gra·

88 3132 212 3202 dibus:
227 3133 286 3203 sed
302 3134 337 3203 in
351 3135 459 3204 tribus
473 3137 605 3230 primis,
617 3138 675 3232 qui
690 3137 836 3233 proximi
850 3153 962 3208 essent
973 3163 1078 3208 scenae
1092 3137 1165 3233 pul·

88 3245 181 3337 pito,
200 3243 413 3340 amplissimae
429 3260 464 3315 et
488 3261 643 3318 extremm
665 3247 840 3341 dignitatis
859 3247 940 3334 viri,
966 3248 1001 3316 in
1018 3271 1163 3342 sequen·

88 3353 181 3423 tibus
198 3353 407 3442 consulares,
428 3355 465 3423 in
482 3355 555 3425 aliis
572 3358 723 3452 patricii,
746 3383 786 3426 ac
808 3357 965 3452 deinceps
986 3356 1110 3452 plebeii
1130 3358 1165 3430 in

88 3463 229 3558 reliquis
241 3465 400 3560 gradibus
422 3465 586 3538 sederent.
609 3470 727 3563 ltaque
747 3484 874 3539 veteres
895 3467 1087 3553 architecti,
1103 3493 1162 3538 na·

89 3589 175 3645 turae
191 3577 330 3671 vestigia
349 3576 845 3673 persequuti,indagationibus
862 3576 952 3646 vocis
969 3576 1165 3649 scandentes

88 3683 299 3756 theatrorum
316 3686 530 3781 perfecerunt
550 3687 781 3782 gradationes,
795 3703 829 3756 et
847 3687 1071 3781 quaesiverunt
1089 3688 1164 3784 (in-

87 3796 165 3890 quit
176 3797 375 3892 Vitruvius)
395 3823 456 3894 per
474 3797 669 3868 canonicam
689 3797 1022 3888 mathematicorum,
1040 3815 1075 3869 et
1088 3825 1163 3869 mu·

88 3906 190 3976 sicam
208 3909 392 3994 rationem,
412 3927 470 3996 ut,
485 3933 704 4005 quaecumque
721 3934 785 3978 vox
801 3909 836 3978 in
856 3933 954 3980 scena
974 3924 1078 3999 esset,
1093 3909 1163 3979 cla·

88 4016 159 4086 rior
177 4032 211 4086 et
233 4019 366 4092 suavior
384 4016 426 4088 ad
449 4031 674 4113 spectatorum
695 4019 884 4114 perveniret
900 4044 1020 4106 aures;
1040 4045 1099 4109 ac,
1117 4045 1161 4090 ne
