3040 4866
408 379 628 450 lunum.
656 380 765 450 uer.
793 380 852 464 11,
878 380 947 452 sc.
975 380 1028 470 11,
1059 390 1062 396 ·
1200 385 1251 478 lo

438 603 644 696 SCENA
677 603 994 696 SECUNDA.

277 799 554 874 canamus.
582 799 824 868 cunnum.
852 799 1163 873 annuamus.

771 985 839 1054 Cu.
857 983 923 1054 Sed
935 983 1147 1081 Pamphilum

187 1091 305 1178 Vide03
314 1090 426 1210 omnia
438 1091 579 1209 erperiri
590 1086 776 1179 certum'st,
785 1089 977 1186 priusquam
991 1115 1103 1186 pcreo.
1115 1095 1152 1162 B.
1161 1092 1253 1184 Quid

185 1305 251 1377 Cu.
272 1196 399 1400 Ipsuhnic
408 1193 509 1371 lidii?
520 1299 639 1389 orabo,
663 1300 743 1371 huic
762 1299 956 1398 supplicabo
976 1328 984 1371 :
1005 1325 1154 1374 amorem
1176 1304 1254 1376 huic

344 1407 488 1478 narrabo
499 1431 621 1477 meum.

186 1514 316 1602 Credo,
333 1513 540 1609 impetrabo,
558 1527 596 1583 ut
613 1509 740 1609 aliquot
759 1512 874 1584 saltem
893 1515 1017 1611 nuptiis
1035 1515 1156 1611 prodat
1174 1515 1253 1588 dies.

185 1621 318 1691 Interea
342 1618 402 1690 fiet
427 1618 568 1739 aliquid,
593 1643 702 1716 spero.
726 1623 763 1690 B.
787 1619 828 1689 Id
851 1618 975 1716 aliquid
998 1620 1080 1692 nihil
1104 1637 1164 1693 est.
1187 1625 1253 1694 Cu.

185 1830 276 1923 Quid
294 1725 517 1902 tibissffizpp
532 1817 649 1902 adcon'
666 1831 709 1902 ad
724 1829 822 1902 euml
835 1834 872 1902 B.
892 1831 1043 1921 Quidni?
1055 1835 1081 1904 si
1095 1831 1177 1904 nihil
1193 1759 1257 1903 iiii·⁵

388 1953 456 2008 tres

185 2047 235 2114 Ut
249 2059 283 2114 te
297 1963 476 2116 arlliiretul
490 2042 551 2114 sibi
567 2056 721 2138 paratum
735 2041 922 2130 moechurn,
940 2043 967 2114 si
982 2041 1072 2112 illam
1088 2044 1230 2131 duxerit.

99 2225 100 2230 γ
185 2151 251 2221 Cra.
268 2146 365 2218 Abin'
377 2149 455 2218 hinc
470 2150 505 2218 in
516 2147 637 2218 malam
650 2172 720 2217 rem
735 2171 812 2218 cum
825 2149 1009 2242 suspicione
1022 2150 1122 2239 istac,
1135 2149 1252 2222 scelus.

184 2257 221 2324 P.
240 2253 425 2325 Charinum
437 2253 544 2323 rideo.
558 2251 665 2323 Salve.
681 2257 747 2323 Cn.
765 2252 921 2341 Osalve,
937 2255 1127 2351 Pamphile;

184 2359 238 2431 Ad
260 2374 293 2430 te
312 2359 470 2448 advenio,
492 2375 604 2455 spem;
622 2357 781 2449 salutem,
802 2359 977 2448 auxilium,
997 2361 1171 2433 consilium
1195 2387 1252 2432 ex·

343 2480 468 2561 petens.
1211 2499 1252 2540 Sao

223 2675 290 2730 312.
303 2675 402 2732 anm
416 2678 459 2738 ἐι,
472 2675 649 2748 supplendi,
662 2672 692 2728 id
778 2675 846 2733 315.
867 2676 902 2728 Id
916 2677 1022 2750 aliqud,
1039 2677 1121 2731 rabat.
1134 2675 1248 2734 dictum.

182 2753 692 2826 eet‚decrevi‚oonatitui.—Priusquam
777 2755 846 2810 316.
869 2755 968 2808 Adeon'
984 2758 1021 2810 ad
1032 2777 1092 2810 eum.
1112 2756 1165 2811 Pro
1182 2759 1250 2812 Adt-

179 2854 260 2906 pareo.
273 2835 337 2890 linc
350 2835 574 2908 conjunctionum
590 2833 693 2888 indica·
735 2834 795 2888 boue
808 2833 844 2888 ad
856 2835 931 2888 illum.
946 2835 1015 2890 Mire
1027 2837 1132 2908 juvenis
1147 2837 1247 2905 horat,

183 2915 238 2968 tivo
271 2917 409 2987 subjuncta
443 2914 580 2968 invenitur
609 2913 690 2968 edam
734 2914 846 2986 rapulam
874 2913 991 2969 timidus.
1014 2947 1056 2959 -
1082 2915 1197 2987 Quidni?
1222 2920 1245 2971 si

182 2991 257 3066 apud
278 2993 364 3048 Cicer.
384 2994 503 3066 Philipp.
524 2995 553 3059 1,
578 2993 691 3048 «Prion
734 2994 811 3057 nibil,
832 3006 882 3048 etc.
900 2995 957 3048 Cur
974 3013 1029 3048 non
1047 2993 1139 3062 adeas,
1159 3009 1205 3062 ut,
1224 2996 1247 3050 ai

182 3091 265 3145 quam
272 3072 342 3126 banc
352 3092 463 3127 uxorem
475 3073 550 3137 duxi,
558 3074 690 3127 habebam
734 3071 802 3126 nihil
812 3073 847 3127 ab
859 3091 891 3126 co
903 3073 1036 3145 impetras,
1047 3075 1191 3130 arbitretur
1199 3077 1248 3130 sal·

182 3151 247 3205 alibi
262 3153 383 3208 animum
399 3152 483 3205 amori
492 3151 641 3206 deditum.»
651 3186 691 3197 -
734 3163 806 3220 tem,
820 3167 869 3207 eto.
886 3153 987 3207 Servile
1002 3172 1110 3225 pronus
1129 3153 1245 3222 dicatam,

182 3230 258 3286 MSS.
272 3229 381 3304 quidam
402 3243 428 3284 et
443 3229 572 3286 editiones
585 3245 692 3286 retum
734 3231 807 3304 quod
817 3233 918 3305 respuit
927 3232 1085 3288 adolescens.
1095 3265 1134 3277 —
1143 3235 1174 3288 Si
1182 3235 1247 3288 nibil

178 3331 285 3382 peream,
298 3342 339 3353 —
361 3310 430 3381 Quid
443 3310 482 3364 lu'c
495 3315 557 3382 agir.
574 3311 638 3366 llnc
651 3331 691 3366 ae·
735 3314 850 3383 ἰωμένη.
862 3313 980 3368 Perletua
991 3313 1055 3384 legit
1066 3331 1073 3368 ε
1085 3315 1244 3368 Nilu'lurim·

182 3409 244 3446 oum
258 3409 348 3446 sarua
361 3389 395 3444 de
405 3389 479 3444 berc.
494 3421 536 3434 ·—
550 3391 628 3462 Agit,
645 3409 692 3446 co·
732 3403 819 3463 pertua
833 3393 877 3446 Br.
891 3392 961 3463 Quid
971 3396 1019 3446 nisi
1028 3394 1092 3445 nihil
1101 3397 1158 3466 hap.

180 3471 256 3542 girat.
777 3473 843 3543 317.
856 3471 993 3536 Muciam,
1016 3473 1127 3526 rivalem
1141 3484 1168 3526 et
1181 3471 1244 3526 ideo

224 3549 290 3616 314.
308 3550 408 3622 Nuptiir
418 3549 510 3622 prodar
522 3548 581 3604 dues.
598 3549 691 3604 Prole·
734 3549 1188 3616 adulterum.-Duaerit‚uxorem·

182 3642 237 3688 rat.
254 3628 371 3684 differat.
386 3631 487 3684 Protor
498 3643 588 3683 autem
605 3629 693 3702 pmdc-
776 3633 842 3686 318.
858 3631 937 3684 Atu'
952 3632 1023 3696 tue,
1037 3630 1093 3684 abis
1106 3651 1158 3698 ne3
1171 3632 1241 3687 vivi·

183 3729 208 3762 ra
217 3710 279 3763 diem
290 3707 436 3774 dicebatur,
446 3728 530 3782 quum
541 3729 599 3763 rem
610 3707 690 3763 diffe·
736 3708 796 3764 diua
806 3729 855 3782 per
861 3710 1095 3782 interrogationem
1104 3711 1189 3784 ipram
1196 3713 1244 3765 im·

181 3789 266 3844 rebat.
274 3822 315 3832 -
323 3789 412 3843 Guell'.
425 3808 446 3855 1,
460 3809 487 3856 a,
498 3803 525 3844 et
535 3791 626 3844 Antea.
636 3809 693 3860 pro·
736 3804 820 3862 perat.
829 3791 907 3844 -In
918 3791 1005 3842 malam
1019 3809 1081 3854 rem,
1099 3790 1132 3845 ad
1145 3792 1244 3864 auppli·

184 3869 281 3930 haban·
300 3869 389 3923 Guelf.
408 3875 439 3934 3,
451 3869 579 3942 producar.
598 3901 638 3915 -
660 3869 693 3923 Ut
737 3869 1087 3942 ciumpereupbemiamum
1094 3871 1138 3924 alii
1152 3876 1179 3924 iu
1189 3892 1244 3924 ma·
1261 3908 1265 3920 .

182 3947 283 4021 alr'quot.
296 3948 340 4001 Br.
358 3961 386 4001 ut
397 3968 443 4020 per
457 3951 558 4022 aliquot.
576 3983 617 3994 -
637 3950 693 4006 Nu·
737 3950 893 4004 lamcmcem.
902 3947 1041 4012 —Scelus‚
1052 3950 1168 4005 sceleste.

179 4030 248 4100 ptiis,
265 4025 299 4082 ad
310 4029 425 4102 nuptias.
778 4029 845 4084 320,
859 4029 977 4085 Adrano.
993 4028 1110 4098 Quidam
1126 4033 1205 4084 venia.

235 4139 265 4204 1·
1039 4141 1062 4224 l
