<?xml version="1.0" encoding="UTF-8"?>
<!DOCTYPE html PUBLIC "-//W3C//DTD XHTML 1.0 Transitional//EN"
    "http://www.w3.org/TR/xhtml1/DTD/xhtml1-transitional.dtd">
<html xmlns="http://www.w3.org/1999/xhtml" xml:lang="en" lang="en">
 <head>
  <title>
</title>
<meta http-equiv="Content-Type" content="text/html;charset=utf-8" />
  <meta name='ocr-system' content='tesseract 3.04.00' />
  <meta name='ocr-capabilities' content='ocr_page ocr_carea ocr_par ocr_line ocrx_word'/>
</head>
<body>
  <div class='ocr_page' id='page_1' title='image "./publiiterentiia04lemagoog_0397.png"; bbox 0 0 3032 4864; ppageno 0'>
   <div class='ocr_carea' id='block_1_1' title="bbox 343 396 1220 496">
    <p class='ocr_par' dir='ltr' id='par_1_1' title="bbox 343 396 1220 496">
     <span class='ocr_line' id='line_1_1' title="bbox 343 396 1220 496; baseline 0.009 -32"><span class='ocrx_word' id='word_1_1' title='bbox 343 396 647 470; x_wconf 71' lang='lat' dir='ltr'>annuentis.</span> <span class='ocrx_word' id='word_1_2' title='bbox 676 403 774 471; x_wconf 80' lang='lat' dir='ltr'>aer.</span> <span class='ocrx_word' id='word_1_3' title='bbox 804 399 886 496; x_wconf 73' lang='lat'>111,</span> <span class='ocrx_word' id='word_1_4' title='bbox 914 401 982 468; x_wconf 86' lang='lat' dir='ltr'>sc.</span> <span class='ocrx_word' id='word_1_5' title='bbox 1010 401 1036 466; x_wconf 89' lang='lat'>1.</span> <span class='ocrx_word' id='word_1_6' title='bbox 1069 467 1075 474; x_wconf 84' lang='lat'><strong>.</strong></span> <span class='ocrx_word' id='word_1_7' title='bbox 1150 399 1220 472; x_wconf 79' lang='lat'>183</span> 
     </span>
    </p>
   </div>
   <div class='ocr_carea' id='block_1_2' title="bbox 157 525 1220 1052">
    <p class='ocr_par' dir='ltr' id='par_1_2' title="bbox 157 525 1220 733">
     <span class='ocr_line' id='line_1_2' title="bbox 157 525 1220 607; baseline 0.013 -13"><span class='ocrx_word' id='word_1_8' title='bbox 157 525 342 598; x_wconf 84' lang='lat' dir='ltr'>Deducam.</span> <span class='ocrx_word' id='word_1_9' title='bbox 359 529 423 600; x_wconf 85' lang='lat' dir='ltr'>Sed</span> <span class='ocrx_word' id='word_1_10' title='bbox 437 555 551 603; x_wconf 89' lang='lat' dir='ltr'>eccum</span> <span class='ocrx_word' id='word_1_11' title='bbox 571 533 715 602; x_wconf 87' lang='lat' dir='ltr'>militem.</span> <span class='ocrx_word' id='word_1_12' title='bbox 729 536 816 604; x_wconf 79' lang='lat' dir='ltr'>Tua.</span> <span class='ocrx_word' id='word_1_13' title='bbox 832 535 892 602; x_wconf 85' lang='lat' dir='ltr'>Est</span> <span class='ocrx_word' id='word_1_14' title='bbox 910 534 993 602; x_wconf 89' lang='lat' dir='ltr'>istuc</span> <span class='ocrx_word' id='word_1_15' title='bbox 1011 529 1123 600; x_wconf 88' lang='lat' dir='ltr'>datum</span> <span class='ocrx_word' id='word_1_16' title='bbox 1182 555 1220 607; x_wconf 72' lang='lat'>³⁹⁵</span> 
     </span>
     <span class='ocr_line' id='line_1_3' title="bbox 157 631 1043 733; baseline 0.006 -34"><span class='ocrx_word' id='word_1_17' title='bbox 157 631 328 716; x_wconf 86' lang='lat' dir='ltr'><strong>Profecto,</strong></span> <span class='ocrx_word' id='word_1_18' title='bbox 347 648 385 704; x_wconf 91' lang='lat' dir='ltr'>ut</span> <span class='ocrx_word' id='word_1_19' title='bbox 403 653 496 731; x_wconf 81' lang='lat' dir='ltr'>grata</span> <span class='ocrx_word' id='word_1_20' title='bbox 514 639 595 708; x_wconf 89' lang='lat' dir='ltr'><strong>mihi</strong></span> <span class='ocrx_word' id='word_1_21' title='bbox 613 641 696 725; x_wconf 83' lang='lat' dir='ltr'>sint,</span> <span class='ocrx_word' id='word_1_22' title='bbox 712 663 785 733; x_wconf 86' lang='lat' dir='ltr'>quae</span> <span class='ocrx_word' id='word_1_23' title='bbox 802 638 906 723; x_wconf 84' lang='lat' dir='ltr'>facio,</span> <span class='ocrx_word' id='word_1_24' title='bbox 923 639 1043 706; x_wconf 91' lang='lat' dir='ltr'>omnia.</span> 
     </span>
    </p>

    <p class='ocr_par' dir='ltr' id='par_1_3' title="bbox 158 738 1219 944">
     <span class='ocr_line' id='line_1_4' title="bbox 159 738 1219 838; baseline 0.008 -33"><span class='ocrx_word' id='word_1_25' title='bbox 159 739 201 805; x_wconf 93' lang='lat' dir='ltr'>G.</span> <span class='ocrx_word' id='word_1_26' title='bbox 212 738 347 808; x_wconf 80' lang='lat' dir='ltr'>Advorti</span> <span class='ocrx_word' id='word_1_27' title='bbox 364 740 474 814; x_wconf 88' lang='lat' dir='ltr'>hercle</span> <span class='ocrx_word' id='word_1_28' title='bbox 490 747 743 816; x_wconf 83' lang='lat' dir='ltr'>animumTrta.</span> <span class='ocrx_word' id='word_1_29' title='bbox 753 743 815 812; x_wconf 89' lang='lat' dir='ltr'>Vel</span> <span class='ocrx_word' id='word_1_30' title='bbox 831 769 890 813; x_wconf 87' lang='lat' dir='ltr'>rex</span> <span class='ocrx_word' id='word_1_31' title='bbox 904 768 1034 838; x_wconf 85' lang='lat' dir='ltr'>semper</span> <span class='ocrx_word' id='word_1_32' title='bbox 1050 767 1219 815; x_wconf 85' lang='lat' dir='ltr'><strong>maxumas</strong></span> 
     </span>
     <span class='ocr_line' id='line_1_5' title="bbox 158 842 1033 944; baseline 0.01 -35"><span class='ocrx_word' id='word_1_33' title='bbox 158 842 242 912; x_wconf 86' lang='lat' dir='ltr'>Mihi</span> <span class='ocrx_word' id='word_1_34' title='bbox 259 846 397 940; x_wconf 84' lang='lat' dir='ltr'>agebat,</span> <span class='ocrx_word' id='word_1_35' title='bbox 415 850 573 944; x_wconf 89' lang='lat' dir='ltr'>quidquid</span> <span class='ocrx_word' id='word_1_36' title='bbox 592 851 752 936; x_wconf 79' lang='lat' dir='ltr'>fecernm3</span> <span class='ocrx_word' id='word_1_37' title='bbox 770 849 839 918; x_wconf 89' lang='lat' dir='ltr'>aliis</span> <span class='ocrx_word' id='word_1_38' title='bbox 859 875 927 918; x_wconf 90' lang='lat' dir='ltr'>non</span> <span class='ocrx_word' id='word_1_39' title='bbox 944 849 1033 918; x_wconf 91' lang='lat' dir='ltr'>item.</span> 
     </span>
    </p>

    <p class='ocr_par' dir='ltr' id='par_1_4' title="bbox 159 951 958 1052">
     <span class='ocr_line' id='line_1_6' title="bbox 159 951 958 1052; baseline 0.006 -35"><span class='ocrx_word' id='word_1_40' title='bbox 159 951 200 1018; x_wconf 88' lang='lat' dir='ltr'>G.</span> <span class='ocrx_word' id='word_1_41' title='bbox 220 952 349 1022; x_wconf 85' lang='lat' dir='ltr'>Labore</span> <span class='ocrx_word' id='word_1_42' title='bbox 369 954 477 1025; x_wconf 83' lang='lat' dir='ltr'>alieno</span> <span class='ocrx_word' id='word_1_43' title='bbox 499 981 653 1052; x_wconf 82' lang='lat' dir='ltr'>magnam</span> <span class='ocrx_word' id='word_1_44' title='bbox 672 971 801 1052; x_wconf 85' lang='lat' dir='ltr'>partam</span> <span class='ocrx_word' id='word_1_45' title='bbox 820 954 958 1051; x_wconf 81' lang='lat' dir='ltr'>gloriam</span> 
     </span>
    </p>
   </div>
   <div class='ocr_carea' id='block_1_3' title="bbox 152 1185 1223 4124">
    <p class='ocr_par' dir='ltr' id='par_1_5' title="bbox 155 1185 1223 1740">
     <span class='ocr_line' id='line_1_7' title="bbox 198 1185 1216 1264; baseline 0.006 -24"><span class='ocrx_word' id='word_1_46' title='bbox 198 1185 264 1255; x_wconf 80' lang='lat'><strong>395.</strong></span> <span class='ocrx_word' id='word_1_47' title='bbox 281 1190 355 1244; x_wconf 80' lang='lat' dir='ltr'>Istuc.</span> <span class='ocrx_word' id='word_1_48' title='bbox 365 1189 388 1245; x_wconf 90' lang='lat' dir='ltr'>l.</span> <span class='ocrx_word' id='word_1_49' title='bbox 400 1203 426 1245; x_wconf 93' lang='lat' dir='ltr'>et</span> <span class='ocrx_word' id='word_1_50' title='bbox 440 1193 474 1246; x_wconf 88' lang='lat' dir='ltr'>V.</span> <span class='ocrx_word' id='word_1_51' title='bbox 487 1191 589 1246; x_wconf 85' lang='lat' dir='ltr'>addunt</span> <span class='ocrx_word' id='word_1_52' title='bbox 597 1194 662 1247; x_wconf 81' lang='lat' dir='ltr'>milti.</span> <span class='ocrx_word' id='word_1_53' title='bbox 706 1191 741 1246; x_wconf 89' lang='lat' dir='ltr'>de</span> <span class='ocrx_word' id='word_1_54' title='bbox 753 1211 865 1264; x_wconf 86' lang='lat' dir='ltr'>persona</span> <span class='ocrx_word' id='word_1_55' title='bbox 875 1191 965 1244; x_wconf 84' lang='lat' dir='ltr'>militis</span> <span class='ocrx_word' id='word_1_56' title='bbox 976 1192 1099 1262; x_wconf 75' lang='lat' dir='ltr'>gloriosi,</span> <span class='ocrx_word' id='word_1_57' title='bbox 1111 1191 1216 1247; x_wconf 87' lang='lat' dir='ltr'>laudato</span> 
     </span>
     <span class='ocr_line' id='line_1_8' title="bbox 157 1264 1216 1344; baseline 0.009 -28"><span class='ocrx_word' id='word_1_58' title='bbox 157 1264 227 1319; x_wconf 85' lang='lat' dir='ltr'>Peri.</span> <span class='ocrx_word' id='word_1_59' title='bbox 240 1299 278 1310; x_wconf 87' lang='lat'><em>-</em></span> <span class='ocrx_word' id='word_1_60' title='bbox 292 1270 381 1322; x_wconf 82' lang='lat' dir='ltr'><em>Eccum</em></span> <span class='ocrx_word' id='word_1_61' title='bbox 397 1271 503 1326; x_wconf 79' lang='lat' dir='ltr'>militem.</span> <span class='ocrx_word' id='word_1_62' title='bbox 518 1273 585 1326; x_wconf 80' lang='lat' dir='ltr'>Eece</span> <span class='ocrx_word' id='word_1_63' title='bbox 601 1291 662 1326; x_wconf 87' lang='lat' dir='ltr'>eum</span> <span class='ocrx_word' id='word_1_64' title='bbox 706 1273 844 1344; x_wconf 85' lang='lat' dir='ltr'>specimini</span> <span class='ocrx_word' id='word_1_65' title='bbox 865 1271 970 1325; x_wconf 89' lang='lat' dir='ltr'>additos</span> <span class='ocrx_word' id='word_1_66' title='bbox 989 1270 1062 1343; x_wconf 90' lang='lat' dir='ltr'>quod</span> <span class='ocrx_word' id='word_1_67' title='bbox 1078 1271 1153 1326; x_wconf 84' lang='lat' dir='ltr'>dedit</span> <span class='ocrx_word' id='word_1_68' title='bbox 1172 1275 1216 1326; x_wconf 90' lang='lat' dir='ltr'>Li-</span> 
     </span>
     <span class='ocr_line' id='line_1_9' title="bbox 157 1344 1217 1424; baseline 0.008 -28"><span class='ocrx_word' id='word_1_69' title='bbox 157 1344 268 1399; x_wconf 90' lang='lat' dir='ltr'>militem</span> <span class='ocrx_word' id='word_1_70' title='bbox 278 1387 287 1412; x_wconf 89' lang='lat'>,</span> <span class='ocrx_word' id='word_1_71' title='bbox 297 1349 406 1403; x_wconf 83' lang='lat' dir='ltr'>rivalem</span> <span class='ocrx_word' id='word_1_72' title='bbox 418 1365 547 1406; x_wconf 85' lang='lat' dir='ltr'>nostrum.</span> <span class='ocrx_word' id='word_1_73' title='bbox 561 1383 601 1394; x_wconf 86' lang='lat'>-·</span> <span class='ocrx_word' id='word_1_74' title='bbox 614 1353 664 1404; x_wconf 80' lang='lat' dir='ltr'>Est</span> <span class='ocrx_word' id='word_1_75' title='bbox 705 1351 783 1423; x_wconf 80' lang='lat' dir='ltr'>pain,</span> <span class='ocrx_word' id='word_1_76' title='bbox 800 1351 884 1422; x_wconf 80' lang='lat'>1795,</span> <span class='ocrx_word' id='word_1_77' title='bbox 893 1351 1027 1422; x_wconf 75' lang='lat' dir='ltr'><strong>pollicitus</strong></span> <span class='ocrx_word' id='word_1_78' title='bbox 1040 1351 1148 1424; x_wconf 69' lang='lat' dir='ltr'>msnper</span> <span class='ocrx_word' id='word_1_79' title='bbox 1162 1351 1217 1405; x_wconf 89' lang='lat' dir='ltr'>edi·</span> 
     </span>
     <span class='ocr_line' id='line_1_10' title="bbox 155 1426 1215 1503; baseline 0.008 -28"><span class='ocrx_word' id='word_1_80' title='bbox 155 1426 225 1488; x_wconf 83' lang='lat' dir='ltr'>istuc,</span> <span class='ocrx_word' id='word_1_81' title='bbox 241 1439 292 1481; x_wconf 85' lang='lat' dir='ltr'>etc.</span> <span class='ocrx_word' id='word_1_82' title='bbox 304 1429 392 1499; x_wconf 77' lang='lat' dir='ltr'>Pergit</span> <span class='ocrx_word' id='word_1_83' title='bbox 400 1429 503 1484; x_wconf 78' lang='lat' dir='ltr'>Thraso</span> <span class='ocrx_word' id='word_1_84' title='bbox 514 1431 590 1503; x_wconf 88' lang='lat' dir='ltr'>loqui</span> <span class='ocrx_word' id='word_1_85' title='bbox 601 1449 662 1484; x_wconf 88' lang='lat' dir='ltr'>cum</span> <span class='ocrx_word' id='word_1_86' title='bbox 705 1433 806 1484; x_wconf 89' lang='lat' dir='ltr'>tionem</span> <span class='ocrx_word' id='word_1_87' title='bbox 815 1431 1009 1484; x_wconf 77' lang='lat' dir='ltr'>Terentianum.</span> <span class='ocrx_word' id='word_1_88' title='bbox 1022 1431 1215 1497; x_wconf 47' lang='lat' dir='ltr'>-Masumu</span> 
     </span>
     <span class='ocr_line' id='line_1_11' title="bbox 156 1503 1215 1580; baseline 0.009 -25"><span class='ocrx_word' id='word_1_89' title='bbox 156 1503 312 1571; x_wconf 82' lang='lat' dir='ltr'>Gnathone,</span> <span class='ocrx_word' id='word_1_90' title='bbox 331 1527 381 1562; x_wconf 86' lang='lat' dir='ltr'>nec</span> <span class='ocrx_word' id='word_1_91' title='bbox 412 1510 468 1562; x_wconf 83' lang='lat' dir='ltr'>viso</span> <span class='ocrx_word' id='word_1_92' title='bbox 497 1529 546 1564; x_wconf 82' lang='lat' dir='ltr'>nec</span> <span class='ocrx_word' id='word_1_93' title='bbox 571 1508 662 1564; x_wconf 88' lang='lat' dir='ltr'>audito</span> <span class='ocrx_word' id='word_1_94' title='bbox 704 1509 818 1564; x_wconf 82' lang='lat' dir='ltr'>subaudi</span> <span class='ocrx_word' id='word_1_95' title='bbox 831 1514 936 1580; x_wconf 72' lang='lat' dir='ltr'>gratias.</span> <span class='ocrx_word' id='word_1_96' title='bbox 955 1510 1108 1563; x_wconf 72' lang='lat' dir='ltr'><strong>Orationem</strong></span> <span class='ocrx_word' id='word_1_97' title='bbox 1122 1507 1215 1566; x_wconf 77' lang='lat' dir='ltr'>rn&#39;ilitis</span> 
     </span>
     <span class='ocr_line' id='line_1_12' title="bbox 156 1582 1218 1661; baseline 0.008 -26"><span class='ocrx_word' id='word_1_98' title='bbox 156 1582 330 1640; x_wconf 86' lang='lat' dir='ltr'>Parmenone.</span> <span class='ocrx_word' id='word_1_99' title='bbox 343 1619 383 1631; x_wconf 92' lang='lat'>—</span> <span class='ocrx_word' id='word_1_100' title='bbox 398 1589 499 1643; x_wconf 82' lang='lat' dir='ltr'>Datum.</span> <span class='ocrx_word' id='word_1_101' title='bbox 517 1590 581 1642; x_wconf 79' lang='lat' dir='ltr'>Fato</span> <span class='ocrx_word' id='word_1_102' title='bbox 598 1609 662 1644; x_wconf 90' lang='lat' dir='ltr'>con·</span> <span class='ocrx_word' id='word_1_103' title='bbox 705 1591 742 1644; x_wconf 89' lang='lat' dir='ltr'>sic</span> <span class='ocrx_word' id='word_1_104' title='bbox 752 1590 938 1659; x_wconf 81' lang='lat' dir='ltr'>interpretare:</span> <span class='ocrx_word' id='word_1_105' title='bbox 950 1591 1074 1658; x_wconf 67' lang='lat' dir='ltr'>..Magnas</span> <span class='ocrx_word' id='word_1_106' title='bbox 1085 1609 1148 1644; x_wconf 85' lang='lat' dir='ltr'>rero</span> <span class='ocrx_word' id='word_1_107' title='bbox 1159 1610 1218 1661; x_wconf 73' lang='lat' dir='ltr'>gra·</span> 
     </span>
     <span class='ocr_line' id='line_1_13' title="bbox 155 1667 1223 1740; baseline 0.007 -26"><span class='ocrx_word' id='word_1_108' title='bbox 155 1667 558 1737; x_wconf 76' lang='lat' dir='ltr'>cessnm3Virg.AEn·V11,313.</span> <span class='ocrx_word' id='word_1_109' title='bbox 567 1669 661 1722; x_wconf 84' lang='lat' dir='ltr'>Donat.</span> <span class='ocrx_word' id='word_1_110' title='bbox 706 1671 754 1724; x_wconf 88' lang='lat' dir='ltr'>tias</span> <span class='ocrx_word' id='word_1_111' title='bbox 765 1669 925 1740; x_wconf 70' lang='lat' dir='ltr'>agereThais</span> <span class='ocrx_word' id='word_1_112' title='bbox 935 1669 1015 1721; x_wconf 85' lang='lat' dir='ltr'><strong>mihi·</strong></span> <span class='ocrx_word' id='word_1_113' title='bbox 1027 1701 1035 1714; x_wconf 90' lang='lat'><strong>·</strong></span> <span class='ocrx_word' id='word_1_114' title='bbox 1047 1687 1223 1740; x_wconf 57' lang='lat' dir='ltr'>quanquam·</span> 
     </span>
    </p>

    <p class='ocr_par' dir='ltr' id='par_1_6' title="bbox 153 1745 1219 2927">
     <span class='ocr_line' id='line_1_14' title="bbox 195 1745 1219 1821; baseline 0.009 -27"><span class='ocrx_word' id='word_1_115' title='bbox 195 1745 492 1813; x_wconf 72' lang='lat' dir='ltr'>396.Prnsicto‚ut,etc.</span> <span class='ocrx_word' id='word_1_116' title='bbox 503 1749 561 1801; x_wconf 84' lang='lat' dir='ltr'>Alia</span> <span class='ocrx_word' id='word_1_117' title='bbox 570 1749 663 1801; x_wconf 82' lang='lat' dir='ltr'>verbo·</span> <span class='ocrx_word' id='word_1_118' title='bbox 704 1748 770 1821; x_wconf 86' lang='lat' dir='ltr'><strong>qnid</strong></span> <span class='ocrx_word' id='word_1_119' title='bbox 791 1750 842 1802; x_wconf 86' lang='lat' dir='ltr'>hoc</span> <span class='ocrx_word' id='word_1_120' title='bbox 855 1747 954 1802; x_wconf 79' lang='lat' dir='ltr'>mirer?</span> <span class='ocrx_word' id='word_1_121' title='bbox 969 1767 1015 1800; x_wconf 81' lang='lat' dir='ltr'>rex</span> <span class='ocrx_word' id='word_1_122' title='bbox 1029 1747 1071 1800; x_wconf 87' lang='lat' dir='ltr'>vel</span> <span class='ocrx_word' id='word_1_123' title='bbox 1087 1751 1219 1814; x_wconf 58' lang='lat' dir='ltr'>maximus„</span> 
     </span>
     <span class='ocr_line' id='line_1_15' title="bbox 157 1823 1217 1898; baseline 0.007 -25"><span class='ocrx_word' id='word_1_124' title='bbox 157 1841 219 1876; x_wconf 86' lang='lat' dir='ltr'>rum</span> <span class='ocrx_word' id='word_1_125' title='bbox 230 1823 369 1878; x_wconf 71' lang='lat' dir='ltr'>collocatio</span> <span class='ocrx_word' id='word_1_126' title='bbox 383 1827 410 1880; x_wconf 93' lang='lat' dir='ltr'>in</span> <span class='ocrx_word' id='word_1_127' title='bbox 424 1825 580 1898; x_wconf 84' lang='lat' dir='ltr'>quibusdam</span> <span class='ocrx_word' id='word_1_128' title='bbox 593 1845 601 1880; x_wconf 76' lang='grc' dir='ltr'><strong><em>ε</em></strong></span> <span class='ocrx_word' id='word_1_129' title='bbox 615 1827 660 1880; x_wconf 88' lang='lat' dir='ltr'>ed.</span> <span class='ocrx_word' id='word_1_130' title='bbox 704 1829 770 1881; x_wconf 89' lang='lat' dir='ltr'><strong>mihi</strong></span> <span class='ocrx_word' id='word_1_131' title='bbox 785 1827 878 1898; x_wconf 75' lang='lat' dir='ltr'>agebat</span> <span class='ocrx_word' id='word_1_132' title='bbox 886 1845 1016 1898; x_wconf 73' lang='lat' dir='ltr'>semprm</span> <span class='ocrx_word' id='word_1_133' title='bbox 1025 1826 1126 1880; x_wconf 82' lang='lat' dir='ltr'>Stultus</span> <span class='ocrx_word' id='word_1_134' title='bbox 1140 1829 1217 1896; x_wconf 74' lang='lat' dir='ltr'>enirn</span> 
     </span>
     <span class='ocr_line' id='line_1_16' title="bbox 155 1901 1212 1979; baseline 0.006 -25"><span class='ocrx_word' id='word_1_135' title='bbox 155 1901 323 1974; x_wconf 83' lang='lat' dir='ltr'>Delph.pros.</span> <span class='ocrx_word' id='word_1_136' title='bbox 336 1907 403 1972; x_wconf 82' lang='lat' dir='ltr'>milri,</span> <span class='ocrx_word' id='word_1_137' title='bbox 416 1919 442 1960; x_wconf 87' lang='lat' dir='ltr'>ut</span> <span class='ocrx_word' id='word_1_138' title='bbox 452 1913 582 1977; x_wconf 64' lang='lat' dir='ltr'>stateram</span> <span class='ocrx_word' id='word_1_139' title='bbox 593 1928 661 1979; x_wconf 76' lang='lat' dir='ltr'>que,</span> <span class='ocrx_word' id='word_1_140' title='bbox 703 1921 810 1960; x_wconf 78' lang='lat' dir='ltr'>autnon</span> <span class='ocrx_word' id='word_1_141' title='bbox 822 1905 960 1970; x_wconf 80' lang='lat' dir='ltr'><strong>meminit,</strong></span> <span class='ocrx_word' id='word_1_142' title='bbox 977 1918 1035 1970; x_wconf 84' lang='lat' dir='ltr'>aut,</span> <span class='ocrx_word' id='word_1_143' title='bbox 1049 1923 1101 1975; x_wconf 86' lang='lat' dir='ltr'>qua</span> <span class='ocrx_word' id='word_1_144' title='bbox 1120 1919 1158 1960; x_wconf 84' lang='lat' dir='ltr'>est</span> <span class='ocrx_word' id='word_1_145' title='bbox 1168 1927 1212 1960; x_wconf 88' lang='lat' dir='ltr'>su·</span> 
     </span>
     <span class='ocr_line' id='line_1_17' title="bbox 154 1982 1211 2056; baseline 0.002 -22"><span class='ocrx_word' id='word_1_146' title='bbox 154 1994 203 2034; x_wconf 85' lang='lat' dir='ltr'>etc.</span> <span class='ocrx_word' id='word_1_147' title='bbox 225 2014 264 2025; x_wconf 93' lang='grc'><strong>-</strong></span> <span class='ocrx_word' id='word_1_148' title='bbox 279 1983 369 2038; x_wconf 79' lang='lat' dir='ltr'>Grata.</span> <span class='ocrx_word' id='word_1_149' title='bbox 391 1986 507 2040; x_wconf 82' lang='lat' dir='ltr'>Gratiam</span> <span class='ocrx_word' id='word_1_150' title='bbox 521 1986 660 2039; x_wconf 86' lang='lat' dir='ltr'>hominum</span> <span class='ocrx_word' id='word_1_151' title='bbox 703 1986 811 2056; x_wconf 82' lang='lat' dir='ltr'>perhia,</span> <span class='ocrx_word' id='word_1_152' title='bbox 829 2004 883 2036; x_wconf 90' lang='lat' dir='ltr'>non</span> <span class='ocrx_word' id='word_1_153' title='bbox 897 1997 983 2048; x_wconf 85' lang='lat' dir='ltr'>curat,</span> <span class='ocrx_word' id='word_1_154' title='bbox 996 1982 1105 2046; x_wconf 78' lang='lat' dir='ltr'>Thaidis</span> <span class='ocrx_word' id='word_1_155' title='bbox 1117 1988 1211 2055; x_wconf 70' lang='lat' dir='ltr'>gratias</span> 
     </span>
     <span class='ocr_line' id='line_1_18' title="bbox 155 2060 1211 2134; baseline 0.006 -24"><span class='ocrx_word' id='word_1_156' title='bbox 155 2060 221 2111; x_wconf 88' lang='lat' dir='ltr'><strong>mihi</strong></span> <span class='ocrx_word' id='word_1_157' title='bbox 230 2064 395 2117; x_wconf 79' lang='lat' dir='ltr'>conciliantia</span> <span class='ocrx_word' id='word_1_158' title='bbox 405 2077 524 2130; x_wconf 83' lang='lat' dir='ltr'>,utrecte</span> <span class='ocrx_word' id='word_1_159' title='bbox 536 2065 660 2118; x_wconf 85' lang='lat' dir='ltr'>Zennius.</span> <span class='ocrx_word' id='word_1_160' title='bbox 703 2083 718 2118; x_wconf 88' lang='lat' dir='ltr'>a</span> <span class='ocrx_word' id='word_1_161' title='bbox 730 2064 844 2134; x_wconf 80' lang='lat' dir='ltr'>parasito</span> <span class='ocrx_word' id='word_1_162' title='bbox 855 2061 937 2116; x_wconf 84' lang='lat' dir='ltr'>dictus</span> <span class='ocrx_word' id='word_1_163' title='bbox 947 2065 1126 2130; x_wconf 69' lang='lat' dir='ltr'>esseingeutet,</span> <span class='ocrx_word' id='word_1_164' title='bbox 1138 2064 1211 2134; x_wconf 89' lang='lat' dir='ltr'>quod</span> 
     </span>
     <span class='ocr_line' id='line_1_19' title="bbox 156 2137 1210 2214; baseline 0.006 -26"><span class='ocrx_word' id='word_1_165' title='bbox 156 2137 250 2192; x_wconf 87' lang='lat' dir='ltr'>Cicero</span> <span class='ocrx_word' id='word_1_166' title='bbox 265 2141 337 2214; x_wconf 86' lang='lat' dir='ltr'>apud</span> <span class='ocrx_word' id='word_1_167' title='bbox 359 2144 447 2197; x_wconf 73' lang='lat' dir='ltr'><strong>Amin.</strong></span> <span class='ocrx_word' id='word_1_168' title='bbox 468 2145 586 2198; x_wconf 83' lang='lat' dir='ltr'>Marcell.</span> <span class='ocrx_word' id='word_1_169' title='bbox 610 2144 658 2196; x_wconf 88' lang='lat' dir='ltr'>lib.</span> <span class='ocrx_word' id='word_1_170' title='bbox 703 2143 775 2196; x_wconf 90' lang='lat' dir='ltr'>idem</span> <span class='ocrx_word' id='word_1_171' title='bbox 791 2150 826 2212; x_wconf 80' lang='grc' dir='ltr'>τῷ</span> <span class='ocrx_word' id='word_1_172' title='bbox 848 2147 977 2205; x_wconf 72' lang='lat' dir='ltr'>munimus,</span> <span class='ocrx_word' id='word_1_173' title='bbox 998 2140 1043 2194; x_wconf 89' lang='lat' dir='ltr'>sed</span> <span class='ocrx_word' id='word_1_174' title='bbox 1060 2160 1136 2195; x_wconf 88' lang='lat' dir='ltr'>suum</span> <span class='ocrx_word' id='word_1_175' title='bbox 1153 2154 1210 2194; x_wconf 86' lang='lat' dir='ltr'>tan·</span> 
     </span>
     <span class='ocr_line' id='line_1_20' title="bbox 155 2217 1209 2294; baseline 0.008 -26"><span class='ocrx_word' id='word_1_176' title='bbox 155 2217 279 2272; x_wconf 84' lang='lat' dir='ltr'><strong>xxvn:</strong></span> <span class='ocrx_word' id='word_1_177' title='bbox 293 2247 304 2269; x_wconf 80' lang='grc' dir='ltr'>ι</span> <span class='ocrx_word' id='word_1_178' title='bbox 319 2223 408 2287; x_wconf 89' lang='lat' dir='ltr'>Quum</span> <span class='ocrx_word' id='word_1_179' title='bbox 420 2223 488 2276; x_wconf 89' lang='lat' dir='ltr'>nihil</span> <span class='ocrx_word' id='word_1_180' title='bbox 503 2220 538 2276; x_wconf 88' lang='lat' dir='ltr'>ad</span> <span class='ocrx_word' id='word_1_181' title='bbox 549 2222 659 2294; x_wconf 73' lang='lat' dir='ltr'>gratiam</span> <span class='ocrx_word' id='word_1_182' title='bbox 702 2235 758 2276; x_wconf 86' lang='lat' dir='ltr'>tum</span> <span class='ocrx_word' id='word_1_183' title='bbox 771 2223 851 2293; x_wconf 87' lang='lat' dir='ltr'>ipsius</span> <span class='ocrx_word' id='word_1_184' title='bbox 861 2223 971 2274; x_wconf 86' lang='lat' dir='ltr'>verbum</span> <span class='ocrx_word' id='word_1_185' title='bbox 981 2241 1080 2292; x_wconf 74' lang='lat' dir='ltr'>magnas</span> <span class='ocrx_word' id='word_1_186' title='bbox 1086 2221 1113 2272; x_wconf 91' lang='lat' dir='ltr'>in</span> <span class='ocrx_word' id='word_1_187' title='bbox 1119 2222 1209 2276; x_wconf 87' lang='lat' dir='ltr'>animo</span> 
     </span>
     <span class='ocr_line' id='line_1_21' title="bbox 155 2295 877 2373; baseline 0.004 -24"><span class='ocrx_word' id='word_1_188' title='bbox 155 2295 268 2364; x_wconf 77' lang='lat' dir='ltr'>iaceret,</span> <span class='ocrx_word' id='word_1_189' title='bbox 282 2301 371 2354; x_wconf 90' lang='lat' dir='ltr'>omnia</span> <span class='ocrx_word' id='word_1_190' title='bbox 385 2315 472 2356; x_wconf 87' lang='lat' dir='ltr'>tamen</span> <span class='ocrx_word' id='word_1_191' title='bbox 495 2315 567 2373; x_wconf 73' lang='lat' dir='ltr'>grata</span> <span class='ocrx_word' id='word_1_192' title='bbox 586 2301 659 2356; x_wconf 82' lang='lat' dir='ltr'>vide·</span> <span class='ocrx_word' id='word_1_193' title='bbox 702 2301 791 2354; x_wconf 84' lang='lat' dir='ltr'>habet.</span> <span class='ocrx_word' id='word_1_194' title='bbox 803 2302 877 2356; x_wconf 81' lang='lat' dir='ltr'>Botlr.</span> 
     </span>
     <span class='ocr_line' id='line_1_22' title="bbox 153 2379 1209 2451; baseline 0.006 -23"><span class='ocrx_word' id='word_1_195' title='bbox 153 2389 268 2443; x_wconf 90' lang='lat' dir='ltr'>rentur,</span> <span class='ocrx_word' id='word_1_196' title='bbox 288 2399 349 2451; x_wconf 81' lang='lat' dir='ltr'>quta</span> <span class='ocrx_word' id='word_1_197' title='bbox 367 2381 487 2436; x_wconf 77' lang='lat' dir='ltr'>iaciebat.</span> <span class='ocrx_word' id='word_1_198' title='bbox 501 2407 512 2428; x_wconf 78' lang='grc' dir='ltr'>ι</span> <span class='ocrx_word' id='word_1_199' title='bbox 532 2382 575 2436; x_wconf 83' lang='lat' dir='ltr'>Ct&#39;.</span> <span class='ocrx_word' id='word_1_200' title='bbox 594 2383 659 2434; x_wconf 89' lang='lat' dir='ltr'>Hea.</span> <span class='ocrx_word' id='word_1_201' title='bbox 744 2381 809 2450; x_wconf 78' lang='lat'><strong>398.</strong></span> <span class='ocrx_word' id='word_1_202' title='bbox 832 2381 904 2434; x_wconf 74' lang='lat' dir='ltr'><strong>Mili.</strong></span> <span class='ocrx_word' id='word_1_203' title='bbox 920 2381 1020 2446; x_wconf 74' lang='lat' dir='ltr'>Vocem</span> <span class='ocrx_word' id='word_1_204' title='bbox 1044 2380 1111 2434; x_wconf 86' lang='lat' dir='ltr'>hanc</span> <span class='ocrx_word' id='word_1_205' title='bbox 1137 2379 1209 2434; x_wconf 83' lang='lat' dir='ltr'>delet</span> 
     </span>
     <span class='ocr_line' id='line_1_23' title="bbox 157 2457 1207 2530; baseline 0.004 -22"><span class='ocrx_word' id='word_1_206' title='bbox 157 2460 220 2522; x_wconf 73' lang='lat'>262,</span> <span class='ocrx_word' id='word_1_207' title='bbox 233 2471 259 2512; x_wconf 92' lang='lat' dir='ltr'>et</span> <span class='ocrx_word' id='word_1_208' title='bbox 275 2458 341 2515; x_wconf 88' lang='lat' dir='ltr'><strong>ibid.</strong></span> <span class='ocrx_word' id='word_1_209' title='bbox 359 2460 427 2530; x_wconf 82' lang='grc'><strong>935.</strong></span> <span class='ocrx_word' id='word_1_210' title='bbox 442 2495 481 2504; x_wconf 95' lang='grc'>-</span> <span class='ocrx_word' id='word_1_211' title='bbox 497 2461 578 2516; x_wconf 81' lang='lat' dir='ltr'>Grata</span> <span class='ocrx_word' id='word_1_212' title='bbox 591 2461 658 2514; x_wconf 80' lang='lat' dir='ltr'>milri.</span> <span class='ocrx_word' id='word_1_213' title='bbox 702 2462 829 2529; x_wconf 80' lang='lat' dir='ltr'>Guyetus.</span> <span class='ocrx_word' id='word_1_214' title='bbox 844 2457 926 2512; x_wconf 80' lang='lat' dir='ltr'><strong>Addit</strong></span> <span class='ocrx_word' id='word_1_215' title='bbox 946 2461 977 2512; x_wconf 91' lang='lat' dir='ltr'>C.</span> <span class='ocrx_word' id='word_1_216' title='bbox 993 2459 1025 2514; x_wconf 88' lang='lat' dir='ltr'>G.</span> <span class='ocrx_word' id='word_1_217' title='bbox 1045 2459 1087 2515; x_wconf 85' lang='lat' dir='ltr'>ch.</span> <span class='ocrx_word' id='word_1_218' title='bbox 1105 2464 1207 2530; x_wconf 72' lang='lat' dir='ltr'>gratior.</span> 
     </span>
     <span class='ocr_line' id='line_1_24' title="bbox 154 2536 1206 2611; baseline 0.006 -25"><span class='ocrx_word' id='word_1_219' title='bbox 154 2536 212 2588; x_wconf 76' lang='lat' dir='ltr'>Alia</span> <span class='ocrx_word' id='word_1_220' title='bbox 235 2551 286 2604; x_wconf 83' lang='lat' dir='ltr'>est,</span> <span class='ocrx_word' id='word_1_221' title='bbox 309 2553 338 2593; x_wconf 93' lang='lat' dir='ltr'>ut</span> <span class='ocrx_word' id='word_1_222' title='bbox 361 2539 491 2606; x_wconf 85' lang='lat' dir='ltr'>vidimus,</span> <span class='ocrx_word' id='word_1_223' title='bbox 515 2541 658 2594; x_wconf 82' lang='lat' dir='ltr'>verborum</span> <span class='ocrx_word' id='word_1_224' title='bbox 702 2545 731 2592; x_wconf 87' lang='lat' dir='ltr'>G·</span> <span class='ocrx_word' id='word_1_225' title='bbox 745 2540 779 2600; x_wconf 75' lang='lat' dir='ltr'>G,</span> <span class='ocrx_word' id='word_1_226' title='bbox 796 2559 831 2594; x_wconf 87' lang='lat' dir='ltr'>tn.</span> <span class='ocrx_word' id='word_1_227' title='bbox 850 2551 939 2609; x_wconf 72' lang='lat' dir='ltr'>grater.</span> <span class='ocrx_word' id='word_1_228' title='bbox 956 2569 996 2593; x_wconf 62' lang='grc' dir='ltr'>-τ</span> <span class='ocrx_word' id='word_1_229' title='bbox 1011 2539 1206 2611; x_wconf 77' lang='lat' dir='ltr'>Qrtiiqur&#39;dsece·</span> 
     </span>
     <span class='ocr_line' id='line_1_25' title="bbox 153 2617 1206 2692; baseline 0.003 -23"><span class='ocrx_word' id='word_1_230' title='bbox 153 2617 291 2672; x_wconf 82' lang='lat' dir='ltr'>collocatio</span> <span class='ocrx_word' id='word_1_231' title='bbox 303 2619 332 2675; x_wconf 87' lang='lat' dir='ltr'>itt</span> <span class='ocrx_word' id='word_1_232' title='bbox 346 2621 442 2692; x_wconf 83' lang='lat' dir='ltr'>Delph.</span> <span class='ocrx_word' id='word_1_233' title='bbox 457 2619 508 2674; x_wconf 85' lang='lat' dir='ltr'>Sed</span> <span class='ocrx_word' id='word_1_234' title='bbox 515 2633 590 2690; x_wconf 71' lang='lat' dir='ltr'>grata</span> <span class='ocrx_word' id='word_1_235' title='bbox 601 2621 659 2674; x_wconf 82' lang='lat' dir='ltr'>milri</span> <span class='ocrx_word' id='word_1_236' title='bbox 701 2619 942 2683; x_wconf 57' lang='lat' dir='ltr'>ranconstruestt</span> <span class='ocrx_word' id='word_1_237' title='bbox 951 2618 987 2682; x_wconf 80' lang='lat' dir='ltr'>id,</span> <span class='ocrx_word' id='word_1_238' title='bbox 999 2619 1160 2691; x_wconf 75' lang='lat' dir='ltr'>quodcumque</span> <span class='ocrx_word' id='word_1_239' title='bbox 1168 2623 1206 2684; x_wconf 81' lang='lat' dir='ltr'>se·</span> 
     </span>
     <span class='ocr_line' id='line_1_26' title="bbox 153 2697 1207 2771; baseline 0.002 -23"><span class='ocrx_word' id='word_1_240' title='bbox 153 2715 207 2750; x_wconf 92' lang='lat' dir='ltr'>nnn</span> <span class='ocrx_word' id='word_1_241' title='bbox 223 2699 409 2769; x_wconf 77' lang='lat' dir='ltr'>exponendum</span> <span class='ocrx_word' id='word_1_242' title='bbox 419 2713 458 2754; x_wconf 86' lang='lat' dir='ltr'>est</span> <span class='ocrx_word' id='word_1_243' title='bbox 465 2700 575 2771; x_wconf 78' lang='lat' dir='ltr'>jucunda</span> <span class='ocrx_word' id='word_1_244' title='bbox 591 2702 656 2760; x_wconf 74' lang='lat' dir='ltr'>mitt,</span> <span class='ocrx_word' id='word_1_245' title='bbox 701 2719 787 2752; x_wconf 81' lang='lat' dir='ltr'>ceram.</span> <span class='ocrx_word' id='word_1_246' title='bbox 802 2697 901 2751; x_wconf 88' lang='lat' dir='ltr'>Similis</span> <span class='ocrx_word' id='word_1_247' title='bbox 912 2711 950 2751; x_wconf 81' lang='lat' dir='ltr'>est</span> <span class='ocrx_word' id='word_1_248' title='bbox 961 2698 1058 2750; x_wconf 88' lang='lat' dir='ltr'>locutio</span> <span class='ocrx_word' id='word_1_249' title='bbox 1069 2698 1140 2769; x_wconf 89' lang='lat' dir='ltr'>apud</span> <span class='ocrx_word' id='word_1_250' title='bbox 1151 2700 1207 2752; x_wconf 87' lang='lat' dir='ltr'>Ho-</span> 
     </span>
     <span class='ocr_line' id='line_1_27' title="bbox 153 2775 1208 2852; baseline 0.001 -24"><span class='ocrx_word' id='word_1_251' title='bbox 153 2775 211 2839; x_wconf 87' lang='lat' dir='ltr'>sed,</span> <span class='ocrx_word' id='word_1_252' title='bbox 222 2778 282 2830; x_wconf 90' lang='lat' dir='ltr'>talia</span> <span class='ocrx_word' id='word_1_253' title='bbox 296 2792 324 2838; x_wconf 85' lang='lat' dir='ltr'>ut</span> <span class='ocrx_word' id='word_1_254' title='bbox 335 2799 385 2852; x_wconf 73' lang='lat' dir='ltr'>pro</span> <span class='ocrx_word' id='word_1_255' title='bbox 397 2779 429 2834; x_wconf 87' lang='lat' dir='ltr'>iis</span> <span class='ocrx_word' id='word_1_256' title='bbox 443 2779 509 2834; x_wconf 82' lang='lat' dir='ltr'><strong>mihi</strong></span> <span class='ocrx_word' id='word_1_257' title='bbox 522 2781 603 2850; x_wconf 73' lang='lat' dir='ltr'>gratia</span> <span class='ocrx_word' id='word_1_258' title='bbox 613 2779 660 2832; x_wconf 86' lang='lat' dir='ltr'>ha·</span> <span class='ocrx_word' id='word_1_259' title='bbox 700 2791 749 2832; x_wconf 85' lang='lat' dir='ltr'>rat.</span> <span class='ocrx_word' id='word_1_260' title='bbox 773 2779 801 2842; x_wconf 90' lang='lat'>1,</span> <span class='ocrx_word' id='word_1_261' title='bbox 818 2777 894 2848; x_wconf 85' lang='lat' dir='ltr'>epist.</span> <span class='ocrx_word' id='word_1_262' title='bbox 905 2794 946 2831; x_wconf 85' lang='lat' dir='ltr'>tt:</span> <span class='ocrx_word' id='word_1_263' title='bbox 965 2777 1092 2848; x_wconf 78' lang='lat' dir='ltr'>Quidquid</span> <span class='ocrx_word' id='word_1_264' title='bbox 1103 2777 1208 2831; x_wconf 76' lang='lat' dir='ltr'>delirant</span> 
     </span>
     <span class='ocr_line' id='line_1_28' title="bbox 153 2855 1207 2927; baseline 0.002 -19"><span class='ocrx_word' id='word_1_265' title='bbox 153 2855 253 2911; x_wconf 80' lang='lat' dir='ltr'>beatur.</span> <span class='ocrx_word' id='word_1_266' title='bbox 268 2857 386 2917; x_wconf 69' lang='lat' dir='ltr'>Fuemtu.</span> <span class='ocrx_word' id='word_1_267' title='bbox 701 2877 777 2926; x_wconf 78' lang='lat' dir='ltr'>reges,</span> <span class='ocrx_word' id='word_1_268' title='bbox 784 2859 923 2927; x_wconf 82' lang='lat' dir='ltr'>plectuntur</span> <span class='ocrx_word' id='word_1_269' title='bbox 931 2855 1150 2910; x_wconf 68' lang='lat' dir='ltr'>Aelim-Attis</span> <span class='ocrx_word' id='word_1_270' title='bbox 1160 2879 1207 2910; x_wconf 84' lang='lat' dir='ltr'>nou</span> 
     </span>
    </p>

    <p class='ocr_par' dir='ltr' id='par_1_7' title="bbox 152 2935 1212 4124">
     <span class='ocr_line' id='line_1_29' title="bbox 194 2935 1206 3008; baseline 0.003 -21"><span class='ocrx_word' id='word_1_271' title='bbox 194 2941 258 3005; x_wconf 78' lang='lat'><strong>397.</strong></span> <span class='ocrx_word' id='word_1_272' title='bbox 281 2937 330 2988; x_wconf 84' lang='lat' dir='ltr'>Vel</span> <span class='ocrx_word' id='word_1_273' title='bbox 342 2959 384 2990; x_wconf 75' lang='lat' dir='ltr'>ree</span> <span class='ocrx_word' id='word_1_274' title='bbox 397 2959 496 3008; x_wconf 66' lang='lat' dir='ltr'>seraper.</span> <span class='ocrx_word' id='word_1_275' title='bbox 513 2940 592 2993; x_wconf 85' lang='lat' dir='ltr'>Both.</span> <span class='ocrx_word' id='word_1_276' title='bbox 605 2940 658 2990; x_wconf 71' lang='lat' dir='ltr'>Rae</span> <span class='ocrx_word' id='word_1_277' title='bbox 678 2965 680 2970; x_wconf 96' lang='lat'>·</span> <span class='ocrx_word' id='word_1_278' title='bbox 701 2937 813 2990; x_wconf 85' lang='lat' dir='ltr'>item.Se.</span> <span class='ocrx_word' id='word_1_279' title='bbox 826 2935 1206 3007; x_wconf 73' lang='lat' dir='ltr'>agebatgratins.llunclocunr</span> 
     </span>
     <span class='ocr_line' id='line_1_30' title="bbox 153 3013 1207 3088; baseline 0.002 -20"><span class='ocrx_word' id='word_1_280' title='bbox 153 3013 327 3084; x_wconf 72' lang='lat' dir='ltr'>velsenpeeet</span> <span class='ocrx_word' id='word_1_281' title='bbox 337 3016 658 3088; x_wconf 80' lang='lat' dir='ltr'>contendituelpertiuere</span> <span class='ocrx_word' id='word_1_282' title='bbox 702 3017 827 3069; x_wconf 79' lang='lat' dir='ltr'>Horatius</span> <span class='ocrx_word' id='word_1_283' title='bbox 840 3015 1008 3087; x_wconf 85' lang='lat' dir='ltr'>propositum</span> <span class='ocrx_word' id='word_1_284' title='bbox 1024 3016 1073 3068; x_wconf 84' lang='lat' dir='ltr'>silri</span> <span class='ocrx_word' id='word_1_285' title='bbox 1085 3016 1207 3070; x_wconf 82' lang='lat' dir='ltr'>imbuisse</span> 
     </span>
     <span class='ocr_line' id='line_1_31' title="bbox 153 3090 1120 3167; baseline 0.002 -21"><span class='ocrx_word' id='word_1_286' title='bbox 153 3090 188 3146; x_wconf 89' lang='lat' dir='ltr'>nd</span> <span class='ocrx_word' id='word_1_287' title='bbox 200 3097 326 3150; x_wconf 71' lang='lat' dir='ltr'>multans.</span> <span class='ocrx_word' id='word_1_288' title='bbox 339 3097 384 3149; x_wconf 86' lang='lat' dir='ltr'>Br.</span> <span class='ocrx_word' id='word_1_289' title='bbox 404 3115 494 3167; x_wconf 77' lang='lat' dir='ltr'>seraper</span> <span class='ocrx_word' id='word_1_290' title='bbox 507 3099 565 3150; x_wconf 72' lang='lat' dir='ltr'>matt</span> <span class='ocrx_word' id='word_1_291' title='bbox 578 3101 657 3152; x_wconf 76' lang='lat' dir='ltr'>mani·</span> <span class='ocrx_word' id='word_1_292' title='bbox 702 3095 809 3149; x_wconf 85' lang='lat' dir='ltr'>ridetnr</span> <span class='ocrx_word' id='word_1_293' title='bbox 819 3109 864 3148; x_wconf 84' lang='lat' dir='ltr'>sat.</span> <span class='ocrx_word' id='word_1_294' title='bbox 876 3097 905 3160; x_wconf 85' lang='lat'>1,</span> <span class='ocrx_word' id='word_1_295' title='bbox 918 3113 980 3158; x_wconf 82' lang='lat' dir='ltr'>arx,</span> <span class='ocrx_word' id='word_1_296' title='bbox 998 3102 1041 3158; x_wconf 80' lang='grc'>43.</span> <span class='ocrx_word' id='word_1_297' title='bbox 1053 3096 1120 3148; x_wconf 84' lang='lat' dir='ltr'>Perl.</span> 
     </span>
     <span class='ocr_line' id='line_1_32' title="bbox 154 3173 1206 3246; baseline 0 -20"><span class='ocrx_word' id='word_1_298' title='bbox 154 3191 204 3226; x_wconf 76' lang='lat' dir='ltr'>raas</span> <span class='ocrx_word' id='word_1_299' title='bbox 217 3173 325 3243; x_wconf 74' lang='lat' dir='ltr'>Agebat.</span> <span class='ocrx_word' id='word_1_300' title='bbox 340 3206 379 3218; x_wconf 90' lang='lat'><em>-</em></span> <span class='ocrx_word' id='word_1_301' title='bbox 392 3176 496 3229; x_wconf 80' lang='lat' dir='ltr'>Admrtr&#39;</span> <span class='ocrx_word' id='word_1_302' title='bbox 514 3177 590 3234; x_wconf 72' lang='lat' dir='ltr'>laetale</span> <span class='ocrx_word' id='word_1_303' title='bbox 607 3180 658 3230; x_wconf 85' lang='lat' dir='ltr'>am&#39;-</span> <span class='ocrx_word' id='word_1_304' title='bbox 743 3175 810 3246; x_wconf 86' lang='lat'><strong>399.</strong></span> <span class='ocrx_word' id='word_1_305' title='bbox 819 3175 961 3227; x_wconf 68' lang='lat' dir='ltr'>Lobalierr.</span> <span class='ocrx_word' id='word_1_306' title='bbox 972 3193 1052 3244; x_wconf 72' lang='lat' dir='ltr'><strong>magn.</strong></span> <span class='ocrx_word' id='word_1_307' title='bbox 1068 3175 1145 3227; x_wconf 87' lang='lat' dir='ltr'>Both.</span> <span class='ocrx_word' id='word_1_308' title='bbox 1158 3176 1206 3226; x_wconf 83' lang='lat' dir='ltr'>lab.</span> 
     </span>
     <span class='ocr_line' id='line_1_33' title="bbox 152 3253 1206 3326; baseline 0.002 -21"><span class='ocrx_word' id='word_1_309' title='bbox 152 3271 221 3306; x_wconf 82' lang='lat' dir='ltr'>muru.</span> <span class='ocrx_word' id='word_1_310' title='bbox 245 3253 263 3306; x_wconf 91' lang='lat' dir='ltr'>i.</span> <span class='ocrx_word' id='word_1_311' title='bbox 277 3272 300 3306; x_wconf 89' lang='lat' dir='ltr'>e.</span> <span class='ocrx_word' id='word_1_312' title='bbox 313 3253 487 3326; x_wconf 74' lang='lat' dir='ltr'>animadverti</span> <span class='ocrx_word' id='word_1_313' title='bbox 508 3257 602 3326; x_wconf 76' lang='lat' dir='ltr'>sepius</span> <span class='ocrx_word' id='word_1_314' title='bbox 620 3256 658 3310; x_wconf 89' lang='lat' dir='ltr'>ita</span> <span class='ocrx_word' id='word_1_315' title='bbox 702 3274 783 3324; x_wconf 70' lang='lat' dir='ltr'><strong>magn.</strong></span> <span class='ocrx_word' id='word_1_316' title='bbox 795 3255 868 3308; x_wconf 79' lang='lat' dir='ltr'>alien.</span> <span class='ocrx_word' id='word_1_317' title='bbox 881 3287 921 3296; x_wconf 86' lang='grc'>--</span> <span class='ocrx_word' id='word_1_318' title='bbox 932 3254 1059 3322; x_wconf 72' lang='lat' dir='ltr'>Magnum.</span> <span class='ocrx_word' id='word_1_319' title='bbox 1072 3257 1206 3326; x_wconf 80' lang='lat' dir='ltr'>Antesign.</span> 
     </span>
     <span class='ocr_line' id='line_1_34' title="bbox 152 3330 1208 3406; baseline 0.001 -23"><span class='ocrx_word' id='word_1_320' title='bbox 152 3330 441 3406; x_wconf 74' lang='lat' dir='ltr'>advenire‚omniaquae</span> <span class='ocrx_word' id='word_1_321' title='bbox 448 3335 656 3406; x_wconf 72' lang='lat' dir='ltr'>incisgrataesse.</span> <span class='ocrx_word' id='word_1_322' title='bbox 702 3334 848 3388; x_wconf 82' lang='lat' dir='ltr'>notatalios</span> <span class='ocrx_word' id='word_1_323' title='bbox 860 3335 947 3406; x_wconf 75' lang='lat' dir='ltr'>legere</span> <span class='ocrx_word' id='word_1_324' title='bbox 956 3351 1050 3402; x_wconf 74' lang='lat' dir='ltr'>magno.</span> <span class='ocrx_word' id='word_1_325' title='bbox 1066 3364 1104 3374; x_wconf 94' lang='lat'><em>-</em></span> <span class='ocrx_word' id='word_1_326' title='bbox 1114 3333 1208 3386; x_wconf 79' lang='lat' dir='ltr'>Labore</span> 
     </span>
     <span class='ocr_line' id='line_1_35' title="bbox 153 3412 1208 3486; baseline 0 -20"><span class='ocrx_word' id='word_1_327' title='bbox 153 3443 191 3456; x_wconf 87' lang='lat'>-·</span> <span class='ocrx_word' id='word_1_328' title='bbox 207 3415 270 3474; x_wconf 69' lang='lat' dir='ltr'>Rue.</span> <span class='ocrx_word' id='word_1_329' title='bbox 284 3415 381 3484; x_wconf 77' lang='lat' dir='ltr'>Regem</span> <span class='ocrx_word' id='word_1_330' title='bbox 388 3414 526 3468; x_wconf 78' lang='lat' dir='ltr'>Persarum</span> <span class='ocrx_word' id='word_1_331' title='bbox 543 3413 656 3486; x_wconf 78' lang='lat' dir='ltr'>intelligi</span> <span class='ocrx_word' id='word_1_332' title='bbox 702 3415 781 3465; x_wconf 77' lang='lat' dir='ltr'>ulierro</span> <span class='ocrx_word' id='word_1_333' title='bbox 793 3413 953 3466; x_wconf 74' lang='lat' dir='ltr'>rtctJocum</span> <span class='ocrx_word' id='word_1_334' title='bbox 967 3431 998 3464; x_wconf 86' lang='lat' dir='ltr'>ex</span> <span class='ocrx_word' id='word_1_335' title='bbox 1009 3412 1133 3480; x_wconf 79' lang='lat' dir='ltr'>ambiguo</span> <span class='ocrx_word' id='word_1_336' title='bbox 1145 3416 1208 3466; x_wconf 83' lang='lat' dir='ltr'>serit</span> 
     </span>
     <span class='ocr_line' id='line_1_36' title="bbox 152 3489 1208 3565; baseline -0.002 -18"><span class='ocrx_word' id='word_1_337' title='bbox 152 3492 217 3547; x_wconf 86' lang='lat' dir='ltr'>We.</span> <span class='ocrx_word' id='word_1_338' title='bbox 230 3493 656 3565; x_wconf 80' lang='lat' dir='ltr'>opinaturDariumtertinm‚acta·</span> <span class='ocrx_word' id='word_1_339' title='bbox 699 3493 836 3564; x_wconf 79' lang='lat' dir='ltr'>parasitus.</span> <span class='ocrx_word' id='word_1_340' title='bbox 862 3495 932 3546; x_wconf 88' lang='lat' dir='ltr'>Dum</span> <span class='ocrx_word' id='word_1_341' title='bbox 954 3491 1026 3544; x_wconf 88' lang='lat' dir='ltr'>enim</span> <span class='ocrx_word' id='word_1_342' title='bbox 1045 3489 1129 3544; x_wconf 81' lang='lat' dir='ltr'>videri</span> <span class='ocrx_word' id='word_1_343' title='bbox 1152 3494 1208 3545; x_wconf 85' lang='lat' dir='ltr'>vult</span> 
     </span>
     <span class='ocr_line' id='line_1_37' title="bbox 153 3570 1206 3645; baseline 0 -22"><span class='ocrx_word' id='word_1_344' title='bbox 153 3583 178 3624; x_wconf 88' lang='lat' dir='ltr'>te</span> <span class='ocrx_word' id='word_1_345' title='bbox 184 3571 325 3632; x_wconf 81' lang='lat' dir='ltr'>Alexandri</span> <span class='ocrx_word' id='word_1_346' title='bbox 332 3588 492 3645; x_wconf 81' lang='lat' dir='ltr'>regnantem.</span> <span class='ocrx_word' id='word_1_347' title='bbox 510 3571 654 3626; x_wconf 78' lang='lat' dir='ltr'>Sicllcaut.</span> <span class='ocrx_word' id='word_1_348' title='bbox 700 3572 788 3625; x_wconf 86' lang='lat' dir='ltr'>dicere</span> <span class='ocrx_word' id='word_1_349' title='bbox 802 3572 870 3624; x_wconf 89' lang='lat' dir='ltr'>nihil</span> <span class='ocrx_word' id='word_1_350' title='bbox 884 3573 982 3624; x_wconf 89' lang='lat' dir='ltr'>mirum</span> <span class='ocrx_word' id='word_1_351' title='bbox 995 3589 1064 3634; x_wconf 84' lang='lat' dir='ltr'>esse,</span> <span class='ocrx_word' id='word_1_352' title='bbox 1077 3570 1150 3640; x_wconf 89' lang='lat' dir='ltr'>quod</span> <span class='ocrx_word' id='word_1_353' title='bbox 1160 3591 1206 3624; x_wconf 78' lang='lat' dir='ltr'>rex</span> 
     </span>
     <span class='ocr_line' id='line_1_38' title="bbox 158 3652 1207 3723; baseline 0 -21"><span class='ocrx_word' id='word_1_354' title='bbox 158 3669 220 3722; x_wconf 92' lang='lat'><strong>¹¹7·</strong></span> <span class='ocrx_word' id='word_1_355' title='bbox 230 3652 285 3707; x_wconf 86' lang='lat' dir='ltr'>Nisi</span> <span class='ocrx_word' id='word_1_356' title='bbox 296 3653 426 3706; x_wconf 87' lang='lat' dir='ltr'>malumus</span> <span class='ocrx_word' id='word_1_357' title='bbox 437 3653 557 3723; x_wconf 85' lang='lat' dir='ltr'>accipere</span> <span class='ocrx_word' id='word_1_358' title='bbox 564 3653 654 3705; x_wconf 90' lang='lat' dir='ltr'>Seleu·</span> <span class='ocrx_word' id='word_1_359' title='bbox 699 3656 745 3722; x_wconf 83' lang='lat' dir='ltr'>ipsi</span> <span class='ocrx_word' id='word_1_360' title='bbox 751 3655 959 3722; x_wconf 76' lang='lat' dir='ltr'>mueimnseemper</span> <span class='ocrx_word' id='word_1_361' title='bbox 965 3655 1059 3720; x_wconf 72' lang='lat' dir='ltr'>gratias</span> <span class='ocrx_word' id='word_1_362' title='bbox 1066 3653 1207 3719; x_wconf 76' lang='lat' dir='ltr'>egerit,oliis</span> 
     </span>
     <span class='ocr_line' id='line_1_39' title="bbox 152 3727 1206 3804; baseline -0.001 -21"><span class='ocrx_word' id='word_1_363' title='bbox 152 3749 214 3786; x_wconf 89' lang='lat' dir='ltr'>cum</span> <span class='ocrx_word' id='word_1_364' title='bbox 228 3731 550 3804; x_wconf 73' lang='lat' dir='ltr'>regemllsioe;siquidem</span> <span class='ocrx_word' id='word_1_365' title='bbox 559 3731 655 3804; x_wconf 86' lang='lat' dir='ltr'>Pyrrhi</span> <span class='ocrx_word' id='word_1_366' title='bbox 700 3736 828 3792; x_wconf 66' lang='lat' dir='ltr'>nonium·</span> <span class='ocrx_word' id='word_1_367' title='bbox 846 3749 877 3782; x_wconf 89' lang='lat' dir='ltr'>eo</span> <span class='ocrx_word' id='word_1_368' title='bbox 901 3727 975 3802; x_wconf 89' lang='lat' dir='ltr'>qnod</span> <span class='ocrx_word' id='word_1_369' title='bbox 996 3730 1045 3782; x_wconf 87' lang='lat' dir='ltr'>riri</span> <span class='ocrx_word' id='word_1_370' title='bbox 1061 3730 1206 3800; x_wconf 74' lang='lat' dir='ltr'>sapienter,</span> 
     </span>
     <span class='ocr_line' id='line_1_40' title="bbox 153 3811 1206 3882; baseline -0.002 -18"><span class='ocrx_word' id='word_1_371' title='bbox 153 3811 372 3868; x_wconf 80' lang='lat' dir='ltr'>litmentioinfra</span> <span class='ocrx_word' id='word_1_372' title='bbox 389 3813 583 3882; x_wconf 76' lang='lat' dir='ltr'>7Bn.Perl.-</span> <span class='ocrx_word' id='word_1_373' title='bbox 600 3813 657 3866; x_wconf 78' lang='lat' dir='ltr'>Car·</span> <span class='ocrx_word' id='word_1_374' title='bbox 701 3812 785 3882; x_wconf 88' lang='lat' dir='ltr'>qualis</span> <span class='ocrx_word' id='word_1_375' title='bbox 802 3811 904 3864; x_wconf 84' lang='lat' dir='ltr'>Thraso</span> <span class='ocrx_word' id='word_1_376' title='bbox 922 3821 1003 3874; x_wconf 82' lang='lat' dir='ltr'>esset,</span> <span class='ocrx_word' id='word_1_377' title='bbox 1032 3829 1085 3861; x_wconf 92' lang='lat' dir='ltr'>non</span> <span class='ocrx_word' id='word_1_378' title='bbox 1106 3822 1206 3862; x_wconf 85' lang='lat' dir='ltr'>tanturn</span> 
     </span>
     <span class='ocr_line' id='line_1_41' title="bbox 152 3888 1208 3962; baseline -0.004 -18"><span class='ocrx_word' id='word_1_379' title='bbox 152 3904 238 3944; x_wconf 88' lang='lat' dir='ltr'>terum</span> <span class='ocrx_word' id='word_1_380' title='bbox 255 3889 288 3946; x_wconf 85' lang='lat' dir='ltr'>de</span> <span class='ocrx_word' id='word_1_381' title='bbox 304 3890 345 3945; x_wconf 84' lang='lat' dir='ltr'>his</span> <span class='ocrx_word' id='word_1_382' title='bbox 360 3891 470 3944; x_wconf 88' lang='lat' dir='ltr'>Bothius</span> <span class='ocrx_word' id='word_1_383' title='bbox 489 3894 566 3962; x_wconf 83' lang='lat' dir='ltr'>jubet</span> <span class='ocrx_word' id='word_1_384' title='bbox 587 3891 658 3945; x_wconf 86' lang='lat' dir='ltr'>vide·</span> <span class='ocrx_word' id='word_1_385' title='bbox 702 3891 944 3944; x_wconf 85' lang='lat' dir='ltr'>suornmsactornm</span> <span class='ocrx_word' id='word_1_386' title='bbox 952 3888 1060 3960; x_wconf 79' lang='lat' dir='ltr'>gloriam</span> <span class='ocrx_word' id='word_1_387' title='bbox 1069 3888 1208 3955; x_wconf 80' lang='lat' dir='ltr'>referrent,</span> 
     </span>
     <span class='ocr_line' id='line_1_42' title="bbox 152 3967 1209 4042; baseline -0.003 -19"><span class='ocrx_word' id='word_1_388' title='bbox 152 3989 182 4023; x_wconf 89' lang='lat' dir='ltr'>re</span> <span class='ocrx_word' id='word_1_389' title='bbox 197 3970 306 4022; x_wconf 89' lang='lat' dir='ltr'>omnino</span> <span class='ocrx_word' id='word_1_390' title='bbox 327 3967 496 4024; x_wconf 84' lang='lat' dir='ltr'>eruditissimi</span> <span class='ocrx_word' id='word_1_391' title='bbox 517 3967 659 4042; x_wconf 81' lang='lat' dir='ltr'>Boettigeri</span> <span class='ocrx_word' id='word_1_392' title='bbox 703 3969 748 4022; x_wconf 87' lang='lat' dir='ltr'>sed</span> <span class='ocrx_word' id='word_1_393' title='bbox 769 3970 853 4022; x_wconf 84' lang='lat' dir='ltr'>aliena</span> <span class='ocrx_word' id='word_1_394' title='bbox 875 3969 952 4022; x_wconf 87' lang='lat' dir='ltr'>etiam</span> <span class='ocrx_word' id='word_1_395' title='bbox 971 3967 1082 4030; x_wconf 83' lang='lat' dir='ltr'>merita,</span> <span class='ocrx_word' id='word_1_396' title='bbox 1097 3968 1209 4038; x_wconf 84' lang='lat' dir='ltr'>peritia,</span> 
     </span>
     <span class='ocr_line' id='line_1_43' title="bbox 152 4047 1212 4124; baseline 0 -22"><span class='ocrx_word' id='word_1_397' title='bbox 152 4047 220 4104; x_wconf 82' lang='lat' dir='ltr'>duos</span> <span class='ocrx_word' id='word_1_398' title='bbox 232 4067 368 4114; x_wconf 78' lang='lat' dir='ltr'>excursus,</span> <span class='ocrx_word' id='word_1_399' title='bbox 387 4051 498 4106; x_wconf 82' lang='lat' dir='ltr'>alterum</span> <span class='ocrx_word' id='word_1_400' title='bbox 512 4051 659 4124; x_wconf 72' lang='lat' dir='ltr'>presertim</span> <span class='ocrx_word' id='word_1_401' title='bbox 704 4049 798 4104; x_wconf 78' lang='lat' dir='ltr'>fraude</span> <span class='ocrx_word' id='word_1_402' title='bbox 809 4063 835 4104; x_wconf 92' lang='lat' dir='ltr'>et</span> <span class='ocrx_word' id='word_1_403' title='bbox 845 4047 999 4102; x_wconf 81' lang='lat' dir='ltr'>dexteritate</span> <span class='ocrx_word' id='word_1_404' title='bbox 1016 4047 1142 4102; x_wconf 81' lang='lat' dir='ltr'>orationis</span> <span class='ocrx_word' id='word_1_405' title='bbox 1148 4049 1212 4102; x_wconf 79' lang='lat' dir='ltr'>auli·</span> 
     </span>
    </p>
   </div>
   <div class='ocr_carea' id='block_1_4' title="bbox 0 0 1520 4864">
    <p class='ocr_par' dir='ltr' id='par_1_8' title="bbox 0 0 1520 4864">
     <span class='ocr_line' id='line_1_44' title="bbox 0 0 1520 4864; baseline 0 1"><span class='ocrx_word' id='word_1_406' title='bbox 0 0 1520 4864; x_wconf 95' lang='lat' dir='ltr'> </span> 
     </span>
    </p>
   </div>
  </div>
 </body>
</html>
