2926 4858
275 395 362 442 cciv
600 372 776 440 ELOGIA
803 371 1029 440 VETERUM

279 506 424 589 sentius,
442 527 508 597 quo
526 517 679 598 tempore
699 503 925 590 Aristarchus,
946 502 1202 572 Homericorum
1215 500 1269 572 ille
1283 527 1347 572 ver·

279 613 376 682 suum
397 634 532 694 censor,
554 610 678 679 floruit.

386 852 526 919 Hieron.
547 854 582 918 in
607 849 792 936 emoneo,
821 851 953 947 Olymp.
984 846 1077 936 155,
1101 873 1183 918 ann.
1209 846 1242 918 3.

333 1061 368 1129 P.
393 1059 568 1129 Terentius
591 1060 895 1155 Carthaginiensis,
919 1057 1167 1130 Comoediamm
1192 1060 1352 1154 scriptor,

279 1165 325 1236 ob
344 1166 513 1262 ingenium
530 1180 564 1235 et
578 1165 720 1254 sormam
738 1165 891 1237 libertate
905 1166 1065 1252 donatus,
1079 1167 1113 1233 in
1128 1164 1269 1234 Arcadia
1285 1191 1352 1234 mo

280 1274 382 1342 ritur:
397 1273 453 1367 qui
465 1274 608 1367 primam
622 1273 803 1361 Andriam,
818 1288 995 1369 antequam
1008 1270 1169 1343 AEdilibus
1178 1271 1350 1356 venderet,

279 1378 413 1449 Caecilio
428 1371 574 1469 (Acilio)
591 1379 734 1451 multum
750 1405 785 1451 se
803 1382 936 1450 miranti
951 1378 1039 1475 legit.

428 1606 542 1696 Idem,
556 1606 606 1700 de¹
624 1611 762 1705 Optimo
787 1611 918 1680 Genere
937 1605 1202 1704 Interpretandi.

335 1820 509 1890 Terentius
531 1821 773 1907 Menandrum,
789 1820 925 1892 Plautus
945 1836 980 1892 et
992 1818 1144 1892 Caecilius
1160 1832 1291 1888 vetares
1304 1841 1357 1886 co·

284 1925 388 1996 micos
403 1927 611 2023 interpretati
626 1929 892 2023 suntznumquid
905 1930 1035 2000 haerent
1045 1929 1081 1997 in
1090 1924 1224 1997 verbis?
1237 1949 1278 1994 ac
1289 1948 1357 1993 non

283 2032 438 2103 decorem
458 2037 562 2129 magis
580 2049 614 2104 et
631 2034 829 2130 elegantiam
846 2037 881 2104 in
897 2033 1116 2104 translatione
1136 2043 1357 2112 conservant,

283 2164 383 2235 quam
400 2143 573 2211 veritatem
594 2139 905 2237 interpretationis?

511 2367 624 2455 Idem,
649 2368 702 2442 ad
715 2370 858 2440 Sunium
881 2386 917 2440 et
934 2369 1131 2442 Fretcllam.

339 2579 437 2645 Hanc
463 2567 706 2673 essc'regulam
732 2581 811 2650 honi
832 2582 1041 2677 interpretis,
1063 2591 1102 2648 ut
1128 2579 1252 2649 idioma
1275 2575 1359 2647 alte-

287 2685 356 2752 rius
373 2683 509 2777 linguae,
529 2708 596 2754 suae
615 2683 736 2782 linguae
754 2689 919 2786 exprimat
939 2688 1164 2784 proprietate:
1180 2683 1272 2780 quod
1288 2685 1360 2779 qui-

287 2788 364 2900 dem
383 2803 416 2858 et
428 2788 576 2859 Tullium
592 2792 626 2861 in
642 2795 825 2889 Protagora
846 2793 1010 2883 Platonis,
1029 2809 1063 2864 et
1077 2795 1113 2863 in
1126 2793 1361 2862 OEeonomieo

287 2895 541 2991 Xenophontis,
563 2913 597 2967 et
618 2900 653 2969 in
669 2903 908 2972 Demosthenis
929 2915 1047 2973 contra
1069 2899 1260 2970 AEschinem
1287 2919 1360 2966 ora-

288 3003 377 3071 tione
398 3003 513 3073 fecisse
534 3009 779 3098 convincimus,
801 3023 834 3079 et
856 3008 1028 3098 Plautum,
1049 3007 1265 3092 Terentium,
1285 3006 1361 3072 Cae-

288 3106 483 3204 ciliumque,
496 3111 735 3185 eruditissimos
750 3117 839 3186 viros
856 3118 895 3186 in
911 3116 1037 3187 Graecis
1053 3111 1234 3184 Comoediis
1253 3125 1362 3179 trans-

291 3214 443 3287 ferendis.

628 3344 725 3414 Idem
732 3400 744 3433 ,
768 3345 821 3416 ad
831 3348 1027 3416 Paullum.

344 3553 455 3623 Habet
472 3557 735 3652 unumquodque
762 3561 972 3653 propositum
1000 3557 1168 3654 principes
1185 3575 1274 3622 ⁸⁰0⁵·
1299 3553 1365 3621 ΒΟ·

292 3660 381 3726 mam
403 3657 502 3731 duces
521 3663 692 3732 imitentur
712 3664 888 3752 Camillos,
907 3666 1090 3752 Fabricios,
1108 3657 1272 3756 Regulos,
1294 3659 1365 3730 Sei·

291 3766 408 3860 piones
422 3766 634 3864 :philosophi
648 3788 840 3866 proponant
851 3773 912 3842 sihi
924 3773 1164 3868 Pythagoram,
1181 3767 1366 3854 Socratem,

291 3869 479 3957 Platonem,
493 3875 725 3947 Aristotelem:
741 3893 848 3974 poetae
862 3877 1060 3949 aemulentur
1074 3879 1279 3964 Homerum,
1295 3874 1366 3942 Vir·

292 3975 423 4068 gilium,
448 3981 688 4070 Menandrum,
706 3989 907 4056 Terentium.
949 4071 953 4076 Α
