<?xml version="1.0" encoding="UTF-8"?>
<!DOCTYPE html PUBLIC "-//W3C//DTD XHTML 1.0 Transitional//EN"
    "http://www.w3.org/TR/xhtml1/DTD/xhtml1-transitional.dtd">
<html xmlns="http://www.w3.org/1999/xhtml" xml:lang="en" lang="en">
 <head>
  <title>
</title>
<meta http-equiv="Content-Type" content="text/html;charset=utf-8" />
  <meta name='ocr-system' content='tesseract 3.04.00' />
  <meta name='ocr-capabilities' content='ocr_page ocr_carea ocr_par ocr_line ocrx_word'/>
</head>
<body>
  <div class='ocr_page' id='page_1' title='image "./publiiterentiia04lemagoog_0046.png"; bbox 0 0 3014 4872; ppageno 0'>
   <div class='ocr_carea' id='block_1_1' title="bbox 278 294 980 416">
    <p class='ocr_par' dir='ltr' id='par_1_1' title="bbox 278 294 980 416">
     <span class='ocr_line' id='line_1_1' title="bbox 278 294 980 416; baseline -0.013 0"><span class='ocrx_word' id='word_1_1' title='bbox 278 368 379 416; x_wconf 80' lang='lat' dir='ltr'><strong>xxxvi</strong></span> <span class='ocrx_word' id='word_1_2' title='bbox 620 294 980 412; x_wconf 77' lang='lat' dir='ltr'><strong>¹DISSERTA&#39;I&#39;IO</strong></span> 
     </span>
    </p>
   </div>
   <div class='ocr_carea' id='block_1_2' title="bbox 193 473 1350 3765">
    <p class='ocr_par' dir='ltr' id='par_1_2' title="bbox 270 473 1350 1507">
     <span class='ocr_line' id='line_1_2' title="bbox 276 473 1350 571; baseline -0.002 -23"><span class='ocrx_word' id='word_1_3' title='bbox 276 477 362 565; x_wconf 87' lang='lat' dir='ltr'>Sed,</span> <span class='ocrx_word' id='word_1_4' title='bbox 380 501 453 571; x_wconf 81' lang='lat' dir='ltr'><strong>quae</strong></span> <span class='ocrx_word' id='word_1_5' title='bbox 467 489 517 545; x_wconf 85' lang='lat' dir='ltr'><strong>est</strong></span> <span class='ocrx_word' id='word_1_6' title='bbox 529 476 615 544; x_wconf 87' lang='lat' dir='ltr'><strong>inter</strong></span> <span class='ocrx_word' id='word_1_7' title='bbox 628 475 739 544; x_wconf 79' lang='lat' dir='ltr'><strong>varios</strong></span> <span class='ocrx_word' id='word_1_8' title='bbox 750 475 896 545; x_wconf 81' lang='lat' dir='ltr'>Terentii</span> <span class='ocrx_word' id='word_1_9' title='bbox 908 473 1146 544; x_wconf 78' lang='lat' dir='ltr'><strong>detrectatores</strong></span> <span class='ocrx_word' id='word_1_10' title='bbox 1157 497 1350 570; x_wconf 82' lang='lat' dir='ltr'><strong>repugnan-</strong></span> 
     </span>
     <span class='ocr_line' id='line_1_3' title="bbox 276 579 1349 676; baseline -0.002 -21"><span class='ocrx_word' id='word_1_11' title='bbox 276 587 339 672; x_wconf 82' lang='lat' dir='ltr'><strong>tia,</strong></span> <span class='ocrx_word' id='word_1_12' title='bbox 364 607 432 652; x_wconf 91' lang='lat' dir='ltr'><strong>non</strong></span> <span class='ocrx_word' id='word_1_13' title='bbox 461 583 649 676; x_wconf 82' lang='lat' dir='ltr'><strong>Scipionem</strong></span> <span class='ocrx_word' id='word_1_14' title='bbox 671 581 818 651; x_wconf 82' lang='lat' dir='ltr'><strong>afferunt</strong></span> <span class='ocrx_word' id='word_1_15' title='bbox 843 581 942 674; x_wconf 88' lang='lat' dir='ltr'><strong>hujus</strong></span> <span class='ocrx_word' id='word_1_16' title='bbox 970 579 1140 651; x_wconf 79' lang='lat' dir='ltr'><strong>comoediae</strong></span> <span class='ocrx_word' id='word_1_17' title='bbox 1162 596 1349 653; x_wconf 78' lang='lat' dir='ltr'><strong>auctorem.</strong></span> 
     </span>
     <span class='ocr_line' id='line_1_4' title="bbox 276 684 1350 784; baseline -0.002 -23"><span class='ocrx_word' id='word_1_18' title='bbox 276 692 470 777; x_wconf 86' lang='lat' dir='ltr'><strong>Suetonius,</strong></span> <span class='ocrx_word' id='word_1_19' title='bbox 491 689 549 782; x_wconf 94' lang='lat' dir='ltr'><strong>qui</strong></span> <span class='ocrx_word' id='word_1_20' title='bbox 570 684 716 758; x_wconf 86' lang='lat' dir='ltr'><strong>diversas</strong></span> <span class='ocrx_word' id='word_1_21' title='bbox 729 689 904 784; x_wconf 84' lang='lat' dir='ltr'>opiniones</span> <span class='ocrx_word' id='word_1_22' title='bbox 918 701 1102 774; x_wconf 90' lang='lat' dir='ltr'><strong>memorat,</strong></span> <span class='ocrx_word' id='word_1_23' title='bbox 1122 689 1156 756; x_wconf 92' lang='lat' dir='ltr'><strong>in</strong></span> <span class='ocrx_word' id='word_1_24' title='bbox 1174 703 1350 776; x_wconf 89' lang='lat' dir='ltr'><strong>neutram,</strong></span> 
     </span>
     <span class='ocr_line' id='line_1_5' title="bbox 273 791 1348 890; baseline 0 -24"><span class='ocrx_word' id='word_1_25' title='bbox 273 811 312 866; x_wconf 90' lang='lat' dir='ltr'><strong>ut</strong></span> <span class='ocrx_word' id='word_1_26' title='bbox 329 793 428 876; x_wconf 87' lang='lat' dir='ltr'><strong>solet,</strong></span> <span class='ocrx_word' id='word_1_27' title='bbox 449 808 577 889; x_wconf 88' lang='lat' dir='ltr'><strong>partem</strong></span> <span class='ocrx_word' id='word_1_28' title='bbox 596 793 772 879; x_wconf 87' lang='lat' dir='ltr'><strong>inclinans,</strong></span> <span class='ocrx_word' id='word_1_29' title='bbox 791 793 871 864; x_wconf 91' lang='lat' dir='ltr'><strong>dicit</strong></span> <span class='ocrx_word' id='word_1_30' title='bbox 882 791 910 860; x_wconf 80' lang='lat'><strong>¹:</strong></span> <span class='ocrx_word' id='word_1_31' title='bbox 936 795 1003 863; x_wconf 77' lang='lat' dir='ltr'><strong>«C.</strong></span> <span class='ocrx_word' id='word_1_32' title='bbox 1018 791 1157 864; x_wconf 83' lang='lat' dir='ltr'><strong>Laelium</strong></span> <span class='ocrx_word' id='word_1_33' title='bbox 1175 795 1348 890; x_wconf 80' lang='lat' dir='ltr'><strong>quondam</strong></span> 
     </span>
     <span class='ocr_line' id='line_1_6' title="bbox 273 898 1348 998; baseline -0.002 -24"><span class='ocrx_word' id='word_1_34' title='bbox 273 905 310 974; x_wconf 90' lang='lat' dir='ltr'><strong>in</strong></span> <span class='ocrx_word' id='word_1_35' title='bbox 328 899 530 989; x_wconf 87' lang='lat' dir='ltr'><strong>Puteolano,</strong></span> <span class='ocrx_word' id='word_1_36' title='bbox 543 898 606 970; x_wconf 83' lang='lat' dir='ltr'><strong>kal.</strong></span> <span class='ocrx_word' id='word_1_37' title='bbox 625 899 773 971; x_wconf 83' lang='lat' dir='ltr'><strong>martiis²</strong></span> <span class='ocrx_word' id='word_1_38' title='bbox 793 901 1000 970; x_wconf 86' lang='lat' dir='ltr'><strong>admonitum</strong></span> <span class='ocrx_word' id='word_1_39' title='bbox 1017 899 1060 968; x_wconf 92' lang='lat' dir='ltr'><strong>ab</strong></span> <span class='ocrx_word' id='word_1_40' title='bbox 1077 925 1197 990; x_wconf 88' lang='lat' dir='ltr'><strong>uxore,</strong></span> <span class='ocrx_word' id='word_1_41' title='bbox 1210 917 1348 998; x_wconf 92' lang='lat' dir='ltr'><strong>tempo-</strong></span> 
     </span>
     <span class='ocr_line' id='line_1_7' title="bbox 273 1006 1347 1102; baseline -0.002 -22"><span class='ocrx_word' id='word_1_42' title='bbox 273 1012 343 1082; x_wconf 89' lang='lat' dir='ltr'><strong>rius</strong></span> <span class='ocrx_word' id='word_1_43' title='bbox 359 1023 397 1078; x_wconf 92' lang='lat' dir='ltr'><strong>ut</strong></span> <span class='ocrx_word' id='word_1_44' title='bbox 413 1007 651 1087; x_wconf 81' lang='lat' dir='ltr'><strong>discumberet,</strong></span> <span class='ocrx_word' id='word_1_45' title='bbox 675 1009 807 1102; x_wconf 88' lang='lat' dir='ltr'><strong>petiisse</strong></span> <span class='ocrx_word' id='word_1_46' title='bbox 825 1007 868 1077; x_wconf 92' lang='lat' dir='ltr'><strong>ab</strong></span> <span class='ocrx_word' id='word_1_47' title='bbox 886 1031 925 1076; x_wconf 88' lang='lat' dir='ltr'><strong>ea</strong></span> <span class='ocrx_word' id='word_1_48' title='bbox 942 1031 984 1076; x_wconf 91' lang='lat' dir='ltr'><strong>ne</strong></span> <span class='ocrx_word' id='word_1_49' title='bbox 1000 1006 1275 1102; x_wconf 83' lang='lat' dir='ltr'><strong>interpellaretur.</strong></span> <span class='ocrx_word' id='word_1_50' title='bbox 1285 1012 1347 1078; x_wconf 87' lang='lat' dir='ltr'><strong>Se-</strong></span> 
     </span>
     <span class='ocr_line' id='line_1_8' title="bbox 272 1111 1345 1211; baseline 0 -25"><span class='ocrx_word' id='word_1_51' title='bbox 272 1118 341 1186; x_wconf 91' lang='lat' dir='ltr'><strong>rius</strong></span> <span class='ocrx_word' id='word_1_52' title='bbox 364 1114 499 1186; x_wconf 85' lang='lat' dir='ltr'><strong>tandem</strong></span> <span class='ocrx_word' id='word_1_53' title='bbox 527 1115 712 1208; x_wconf 83' lang='lat' dir='ltr'><strong>ingressum</strong></span> <span class='ocrx_word' id='word_1_54' title='bbox 728 1113 929 1200; x_wconf 88' lang='lat' dir='ltr'><strong>triclinium,</strong></span> <span class='ocrx_word' id='word_1_55' title='bbox 946 1111 1085 1201; x_wconf 82' lang='lat' dir='ltr'><strong>dixisse,</strong></span> <span class='ocrx_word' id='word_1_56' title='bbox 1112 1139 1180 1184; x_wconf 90' lang='lat' dir='ltr'><strong>non</strong></span> <span class='ocrx_word' id='word_1_57' title='bbox 1201 1139 1288 1211; x_wconf 76' lang='lat' dir='ltr'><strong>sepe</strong></span> <span class='ocrx_word' id='word_1_58' title='bbox 1308 1117 1345 1186; x_wconf 89' lang='lat' dir='ltr'><strong>in</strong></span> 
     </span>
     <span class='ocr_line' id='line_1_9' title="bbox 271 1218 1345 1314; baseline -0.002 -20"><span class='ocrx_word' id='word_1_59' title='bbox 271 1220 448 1294; x_wconf 88' lang='lat' dir='ltr'><strong>scribendo</strong></span> <span class='ocrx_word' id='word_1_60' title='bbox 468 1221 573 1314; x_wconf 85' lang='lat' dir='ltr'><strong>magis</strong></span> <span class='ocrx_word' id='word_1_61' title='bbox 591 1221 787 1290; x_wconf 85' lang='lat' dir='ltr'><strong>successisse</strong></span> <span class='ocrx_word' id='word_1_62' title='bbox 804 1221 887 1290; x_wconf 88' lang='lat' dir='ltr'><strong>sibi:</strong></span> <span class='ocrx_word' id='word_1_63' title='bbox 901 1218 1020 1290; x_wconf 90' lang='lat' dir='ltr'><strong>deinde</strong></span> <span class='ocrx_word' id='word_1_64' title='bbox 1041 1235 1177 1314; x_wconf 83' lang='lat' dir='ltr'><strong>rogatus</strong></span> <span class='ocrx_word' id='word_1_65' title='bbox 1203 1237 1242 1292; x_wconf 92' lang='lat' dir='ltr'><strong>ut</strong></span> <span class='ocrx_word' id='word_1_66' title='bbox 1262 1225 1345 1292; x_wconf 89' lang='lat' dir='ltr'><strong>scri·</strong></span> 
     </span>
     <span class='ocr_line' id='line_1_10' title="bbox 270 1326 1345 1424; baseline 0.001 -26"><span class='ocrx_word' id='word_1_67' title='bbox 270 1327 391 1424; x_wconf 85' lang='lat' dir='ltr'><strong>ptailla</strong></span> <span class='ocrx_word' id='word_1_68' title='bbox 408 1327 590 1422; x_wconf 88' lang='lat' dir='ltr'><strong>proferret,</strong></span> <span class='ocrx_word' id='word_1_69' title='bbox 608 1329 839 1421; x_wconf 85' lang='lat' dir='ltr'><strong>pronuntiasse</strong></span> <span class='ocrx_word' id='word_1_70' title='bbox 860 1351 975 1396; x_wconf 87' lang='lat' dir='ltr'><strong>versus</strong></span> <span class='ocrx_word' id='word_1_71' title='bbox 999 1326 1057 1421; x_wconf 91' lang='lat' dir='ltr'><strong>qui</strong></span> <span class='ocrx_word' id='word_1_72' title='bbox 1083 1327 1215 1398; x_wconf 87' lang='lat' dir='ltr'><strong>suntin</strong></span> <span class='ocrx_word' id='word_1_73' title='bbox 1236 1332 1345 1399; x_wconf 85' lang='lat' dir='ltr'><strong>Heau-</strong></span> 
     </span>
     <span class='ocr_line' id='line_1_11' title="bbox 270 1449 570 1507; baseline -0.01 -3"><span class='ocrx_word' id='word_1_74' title='bbox 270 1449 570 1507; x_wconf 85' lang='lat' dir='ltr'><strong>tonumorumeno:</strong></span> 
     </span>
    </p>

    <p class='ocr_par' dir='ltr' id='par_1_3' title="bbox 322 1535 1343 1636">
     <span class='ocr_line' id='line_1_12' title="bbox 322 1535 1343 1636; baseline 0 -24"><span class='ocrx_word' id='word_1_75' title='bbox 322 1543 408 1612; x_wconf 89' lang='lat' dir='ltr'><strong>Satis</strong></span> <span class='ocrx_word' id='word_1_76' title='bbox 443 1535 518 1634; x_wconf 88' lang='lat' dir='ltr'><strong>poll</strong></span> <span class='ocrx_word' id='word_1_77' title='bbox 550 1553 705 1633; x_wconf 88' lang='lat' dir='ltr'><strong>proterve</strong></span> <span class='ocrx_word' id='word_1_78' title='bbox 732 1566 786 1610; x_wconf 92' lang='lat' dir='ltr'><strong>me</strong></span> <span class='ocrx_word' id='word_1_79' title='bbox 816 1540 890 1635; x_wconf 85' lang='lat' dir='ltr'><strong>Syri</strong></span> <span class='ocrx_word' id='word_1_80' title='bbox 915 1539 1076 1636; x_wconf 90' lang='lat' dir='ltr'><strong>promissa</strong></span> <span class='ocrx_word' id='word_1_81' title='bbox 1105 1539 1172 1610; x_wconf 92' lang='lat' dir='ltr'><strong>huc</strong></span> <span class='ocrx_word' id='word_1_82' title='bbox 1202 1541 1343 1612; x_wconf 87' lang='lat' dir='ltr'><strong>induxe-</strong></span> 
     </span>
    </p>

    <p class='ocr_par' dir='ltr' id='par_1_4' title="bbox 253 1662 386 1717">
     <span class='ocr_line' id='line_1_13' title="bbox 253 1662 386 1717; baseline 0.023 -3"><span class='ocrx_word' id='word_1_83' title='bbox 253 1662 386 1717; x_wconf 77' lang='lat' dir='ltr'><strong>‚runt’‘</strong></span> 
     </span>
    </p>

    <p class='ocr_par' dir='ltr' id='par_1_5' title="bbox 271 1753 1342 2383">
     <span class='ocr_line' id='line_1_14' title="bbox 324 1753 1341 1849; baseline 0.001 -25"><span class='ocrx_word' id='word_1_84' title='bbox 324 1753 546 1824; x_wconf 86' lang='lat' dir='ltr'><strong>Admittamus</strong></span> <span class='ocrx_word' id='word_1_85' title='bbox 579 1753 825 1849; x_wconf 83' lang='lat' dir='ltr'><strong>aliquantisper,</strong></span> <span class='ocrx_word' id='word_1_86' title='bbox 857 1777 972 1824; x_wconf 82' lang='lat' dir='ltr'><strong>veram</strong></span> <span class='ocrx_word' id='word_1_87' title='bbox 1005 1779 1075 1824; x_wconf 90' lang='lat' dir='ltr'><strong>esse</strong></span> <span class='ocrx_word' id='word_1_88' title='bbox 1108 1754 1196 1822; x_wconf 86' lang='lat' dir='ltr'><strong>hauc</strong></span> <span class='ocrx_word' id='word_1_89' title='bbox 1231 1753 1341 1824; x_wconf 90' lang='lat' dir='ltr'><strong>histo-</strong></span> 
     </span>
     <span class='ocr_line' id='line_1_15' title="bbox 272 1847 1340 1956; baseline 0.001 -27"><span class='ocrx_word' id='word_1_90' title='bbox 272 1860 473 1945; x_wconf 74' lang='lat' dir='ltr'><strong>riunculnm,</strong></span> <span class='ocrx_word' id='word_1_91' title='bbox 500 1886 576 1930; x_wconf 91' lang='lat' dir='ltr'><strong>cum</strong></span> <span class='ocrx_word' id='word_1_92' title='bbox 600 1861 752 1930; x_wconf 86' lang='lat' dir='ltr'><strong>Dacieria</strong></span> <span class='ocrx_word' id='word_1_93' title='bbox 773 1847 784 1884; x_wconf 85' lang='lat'>³</span> <span class='ocrx_word' id='word_1_94' title='bbox 814 1861 886 1956; x_wconf 85' lang='lat' dir='ltr'><strong>ipsa</strong></span> <span class='ocrx_word' id='word_1_95' title='bbox 906 1862 1089 1956; x_wconf 88' lang='lat' dir='ltr'><strong>poterimus</strong></span> <span class='ocrx_word' id='word_1_96' title='bbox 1111 1858 1340 1954; x_wconf 87' lang='lat' dir='ltr'><strong>respondere:</strong></span> 
     </span>
     <span class='ocr_line' id='line_1_16' title="bbox 274 1964 1341 2062; baseline 0 -27"><span class='ocrx_word' id='word_1_97' title='bbox 274 1970 403 2037; x_wconf 78' lang='lat' dir='ltr'><strong>«Dans</strong></span> <span class='ocrx_word' id='word_1_98' title='bbox 426 1966 473 2037; x_wconf 89' lang='lat' dir='ltr'><strong>les</strong></span> <span class='ocrx_word' id='word_1_99' title='bbox 497 1967 607 2062; x_wconf 72' lang='lat' dir='ltr'><strong>pibces</strong></span> <span class='ocrx_word' id='word_1_100' title='bbox 629 1965 671 2036; x_wconf 92' lang='lat' dir='ltr'><strong>de</strong></span> <span class='ocrx_word' id='word_1_101' title='bbox 694 1964 835 2036; x_wconf 73' lang='lat' dir='ltr'><strong>Moliere</strong></span> <span class='ocrx_word' id='word_1_102' title='bbox 857 1991 899 2036; x_wconf 87' lang='lat' dir='ltr'><strong>ne</strong></span> <span class='ocrx_word' id='word_1_103' title='bbox 923 1968 1160 2038; x_wconf 85' lang='lat' dir='ltr'><strong>trouveraiton</strong></span> <span class='ocrx_word' id='word_1_104' title='bbox 1182 1991 1241 2061; x_wconf 92' lang='lat' dir='ltr'><strong>pas</strong></span> <span class='ocrx_word' id='word_1_105' title='bbox 1261 1967 1341 2037; x_wconf 89' lang='lat' dir='ltr'><strong>bien</strong></span> 
     </span>
     <span class='ocr_line' id='line_1_17' title="bbox 271 2069 1342 2168; baseline 0 -26"><span class='ocrx_word' id='word_1_106' title='bbox 271 2073 455 2168; x_wconf 75' lang='lat' dir='ltr'><strong>«quelques</strong></span> <span class='ocrx_word' id='word_1_107' title='bbox 471 2098 544 2142; x_wconf 87' lang='lat' dir='ltr'><strong>vers</strong></span> <span class='ocrx_word' id='word_1_108' title='bbox 555 2098 621 2168; x_wconf 89' lang='lat' dir='ltr'><strong>que</strong></span> <span class='ocrx_word' id='word_1_109' title='bbox 633 2097 684 2144; x_wconf 92' lang='lat' dir='ltr'><strong>ses</strong></span> <span class='ocrx_word' id='word_1_110' title='bbox 698 2074 780 2142; x_wconf 87' lang='lat' dir='ltr'><strong>emis</strong></span> <span class='ocrx_word' id='word_1_111' title='bbox 791 2075 941 2144; x_wconf 84' lang='lat' dir='ltr'><strong>auraient</strong></span> <span class='ocrx_word' id='word_1_112' title='bbox 954 2073 1028 2142; x_wconf 82' lang='lat' dir='ltr'><strong>faits</strong></span> <span class='ocrx_word' id='word_1_113' title='bbox 1046 2099 1132 2168; x_wconf 91' lang='lat' dir='ltr'><strong>pour</strong></span> <span class='ocrx_word' id='word_1_114' title='bbox 1141 2069 1202 2142; x_wconf 86' lang='lat' dir='ltr'><strong>lui!</strong></span> <span class='ocrx_word' id='word_1_115' title='bbox 1214 2075 1342 2168; x_wconf 91' lang='lat' dir='ltr'><strong>Cepen·</strong></span> 
     </span>
     <span class='ocr_line' id='line_1_18' title="bbox 273 2179 1342 2276; baseline 0.005 -30"><span class='ocrx_word' id='word_1_116' title='bbox 273 2181 380 2252; x_wconf 71' lang='lat' dir='ltr'><strong>edant</strong></span> <span class='ocrx_word' id='word_1_117' title='bbox 399 2179 529 2250; x_wconf 78' lang='lat' dir='ltr'><strong>s&#39;eston</strong></span> <span class='ocrx_word' id='word_1_118' title='bbox 546 2180 663 2274; x_wconf 85' lang='lat' dir='ltr'><strong>jamais</strong></span> <span class='ocrx_word' id='word_1_119' title='bbox 680 2181 769 2248; x_wconf 80' lang='lat' dir='ltr'><strong>avise</strong></span> <span class='ocrx_word' id='word_1_120' title='bbox 781 2180 824 2251; x_wconf 88' lang='lat' dir='ltr'><strong>de</strong></span> <span class='ocrx_word' id='word_1_121' title='bbox 842 2179 913 2250; x_wconf 88' lang='lat' dir='ltr'><strong>dire</strong></span> <span class='ocrx_word' id='word_1_122' title='bbox 928 2204 993 2274; x_wconf 92' lang='lat' dir='ltr'><strong>que</strong></span> <span class='ocrx_word' id='word_1_123' title='bbox 1012 2205 1066 2250; x_wconf 91' lang='lat' dir='ltr'><strong>ces</strong></span> <span class='ocrx_word' id='word_1_124' title='bbox 1081 2182 1189 2276; x_wconf 78' lang='lat' dir='ltr'><strong>pieces</strong></span> <span class='ocrx_word' id='word_1_125' title='bbox 1204 2205 1247 2250; x_wconf 89' lang='lat' dir='ltr'><strong>ne</strong></span> <span class='ocrx_word' id='word_1_126' title='bbox 1265 2195 1342 2252; x_wconf 90' lang='lat' dir='ltr'><strong>sont</strong></span> 
     </span>
     <span class='ocr_line' id='line_1_19' title="bbox 272 2284 1138 2383; baseline -0.002 -31"><span class='ocrx_word' id='word_1_127' title='bbox 272 2319 289 2352; x_wconf 72' lang='lat' dir='ltr'><strong>e</strong></span> <span class='ocrx_word' id='word_1_128' title='bbox 299 2311 358 2383; x_wconf 88' lang='lat' dir='ltr'><strong>pas</strong></span> <span class='ocrx_word' id='word_1_129' title='bbox 377 2285 418 2355; x_wconf 93' lang='lat' dir='ltr'><strong>de</strong></span> <span class='ocrx_word' id='word_1_130' title='bbox 433 2284 596 2356; x_wconf 75' lang='lat' dir='ltr'><strong>Molierel</strong></span> <span class='ocrx_word' id='word_1_131' title='bbox 610 2316 628 2350; x_wconf 76' lang='lat' dir='ltr'><strong>n</strong></span> <span class='ocrx_word' id='word_1_132' title='bbox 1134 2289 1138 2298; x_wconf 93' lang='lat'>&#39;</span> 
     </span>
    </p>

    <p class='ocr_par' dir='ltr' id='par_1_6' title="bbox 266 2391 1339 3342">
     <span class='ocr_line' id='line_1_20' title="bbox 322 2391 1339 2488; baseline 0.002 -28"><span class='ocrx_word' id='word_1_133' title='bbox 322 2397 367 2460; x_wconf 91' lang='lat' dir='ltr'><strong>Et</strong></span> <span class='ocrx_word' id='word_1_134' title='bbox 383 2417 484 2480; x_wconf 91' lang='lat' dir='ltr'><strong>nunc,</strong></span> <span class='ocrx_word' id='word_1_135' title='bbox 500 2406 538 2461; x_wconf 94' lang='lat' dir='ltr'><strong>ut</strong></span> <span class='ocrx_word' id='word_1_136' title='bbox 546 2393 744 2462; x_wconf 87' lang='lat' dir='ltr'><strong>narrationis</strong></span> <span class='ocrx_word' id='word_1_137' title='bbox 759 2393 861 2486; x_wconf 92' lang='lat' dir='ltr'><strong>ipsius</strong></span> <span class='ocrx_word' id='word_1_138' title='bbox 874 2392 975 2462; x_wconf 90' lang='lat' dir='ltr'><strong>fidem</strong></span> <span class='ocrx_word' id='word_1_139' title='bbox 989 2391 1232 2488; x_wconf 82' lang='lat' dir='ltr'><strong>aggrediamur,</strong></span> <span class='ocrx_word' id='word_1_140' title='bbox 1243 2391 1339 2462; x_wconf 86' lang='lat' dir='ltr'><strong>inda-</strong></span> 
     </span>
     <span class='ocr_line' id='line_1_21' title="bbox 269 2497 1338 2594; baseline -0.001 -26"><span class='ocrx_word' id='word_1_141' title='bbox 269 2523 349 2593; x_wconf 80' lang='lat' dir='ltr'><strong>gare</strong></span> <span class='ocrx_word' id='word_1_142' title='bbox 372 2497 598 2592; x_wconf 54' lang='lat' dir='ltr'><strong>velimuquua</strong></span> <span class='ocrx_word' id='word_1_143' title='bbox 620 2499 748 2568; x_wconf 90' lang='lat' dir='ltr'><strong>ratione</strong></span> <span class='ocrx_word' id='word_1_144' title='bbox 764 2498 808 2566; x_wconf 86' lang='lat' dir='ltr'><strong>ad</strong></span> <span class='ocrx_word' id='word_1_145' title='bbox 832 2524 894 2569; x_wconf 92' lang='lat' dir='ltr'><strong>nos</strong></span> <span class='ocrx_word' id='word_1_146' title='bbox 912 2523 951 2568; x_wconf 86' lang='lat' dir='ltr'><strong>ea</strong></span> <span class='ocrx_word' id='word_1_147' title='bbox 972 2501 1169 2594; x_wconf 88' lang='lat' dir='ltr'><strong>pervenerit.</strong></span> <span class='ocrx_word' id='word_1_148' title='bbox 1190 2501 1338 2569; x_wconf 93' lang='lat' dir='ltr'><strong>Primum</strong></span> 
     </span>
     <span class='ocr_line' id='line_1_22' title="bbox 271 2604 1335 2701; baseline 0.004 -31"><span class='ocrx_word' id='word_1_149' title='bbox 271 2606 374 2674; x_wconf 86' lang='lat' dir='ltr'><strong>vitam</strong></span> <span class='ocrx_word' id='word_1_150' title='bbox 384 2604 471 2673; x_wconf 90' lang='lat' dir='ltr'><strong>hanc</strong></span> <span class='ocrx_word' id='word_1_151' title='bbox 478 2604 623 2674; x_wconf 89' lang='lat' dir='ltr'><strong>Terentii</strong></span> <span class='ocrx_word' id='word_1_152' title='bbox 638 2629 737 2698; x_wconf 88' lang='lat' dir='ltr'><strong>quam</strong></span> <span class='ocrx_word' id='word_1_153' title='bbox 744 2606 978 2678; x_wconf 86' lang='lat' dir='ltr'><strong>Suetonianam</strong></span> <span class='ocrx_word' id='word_1_154' title='bbox 990 2605 1101 2701; x_wconf 90' lang='lat' dir='ltr'><strong>plures</strong></span> <span class='ocrx_word' id='word_1_155' title='bbox 1113 2630 1185 2674; x_wconf 92' lang='lat' dir='ltr'><strong>esse</strong></span> <span class='ocrx_word' id='word_1_156' title='bbox 1199 2621 1335 2676; x_wconf 91' lang='lat' dir='ltr'><strong>conten·</strong></span> 
     </span>
     <span class='ocr_line' id='line_1_23' title="bbox 269 2709 1335 2795; baseline 0 -15"><span class='ocrx_word' id='word_1_157' title='bbox 269 2711 370 2795; x_wconf 92' lang='lat' dir='ltr'><strong>dunt,</strong></span> <span class='ocrx_word' id='word_1_158' title='bbox 388 2709 441 2779; x_wconf 86' lang='lat' dir='ltr'><strong>elii</strong></span> <span class='ocrx_word' id='word_1_159' title='bbox 463 2713 615 2795; x_wconf 84' lang='lat' dir='ltr'><strong>Donato,</strong></span> <span class='ocrx_word' id='word_1_160' title='bbox 641 2726 675 2780; x_wconf 87' lang='lat' dir='ltr'><strong>et</strong></span> <span class='ocrx_word' id='word_1_161' title='bbox 701 2713 800 2780; x_wconf 89' lang='lat' dir='ltr'><strong>etiam</strong></span> <span class='ocrx_word' id='word_1_162' title='bbox 823 2714 950 2782; x_wconf 87' lang='lat' dir='ltr'><strong>incerto</strong></span> <span class='ocrx_word' id='word_1_163' title='bbox 980 2714 1108 2781; x_wconf 88' lang='lat' dir='ltr'><strong>auctori</strong></span> <span class='ocrx_word' id='word_1_164' title='bbox 1133 2711 1335 2780; x_wconf 81' lang='lat' dir='ltr'><strong>adscribunt.</strong></span> 
     </span>
     <span class='ocr_line' id='line_1_24' title="bbox 269 2816 1337 2914; baseline 0.001 -27"><span class='ocrx_word' id='word_1_165' title='bbox 269 2816 400 2888; x_wconf 90' lang='lat' dir='ltr'><strong>Deinde</strong></span> <span class='ocrx_word' id='word_1_166' title='bbox 414 2817 512 2911; x_wconf 89' lang='lat' dir='ltr'><strong>hujus</strong></span> <span class='ocrx_word' id='word_1_167' title='bbox 534 2819 610 2886; x_wconf 86' lang='lat' dir='ltr'><strong>vitae</strong></span> <span class='ocrx_word' id='word_1_168' title='bbox 632 2832 765 2904; x_wconf 90' lang='lat' dir='ltr'><strong>auctor,</strong></span> <span class='ocrx_word' id='word_1_169' title='bbox 778 2821 979 2912; x_wconf 90' lang='lat' dir='ltr'><strong>quicumque</strong></span> <span class='ocrx_word' id='word_1_170' title='bbox 997 2820 1053 2907; x_wconf 89' lang='lat' dir='ltr'><strong>sit,</strong></span> <span class='ocrx_word' id='word_1_171' title='bbox 1069 2843 1137 2890; x_wconf 91' lang='lat' dir='ltr'><strong>non</strong></span> <span class='ocrx_word' id='word_1_172' title='bbox 1158 2843 1198 2888; x_wconf 85' lang='lat' dir='ltr'><strong>ex</strong></span> <span class='ocrx_word' id='word_1_173' title='bbox 1216 2843 1250 2888; x_wconf 91' lang='lat' dir='ltr'><strong>se</strong></span> <span class='ocrx_word' id='word_1_174' title='bbox 1265 2820 1337 2914; x_wconf 92' lang='lat' dir='ltr'><strong>ipso</strong></span> 
     </span>
     <span class='ocr_line' id='line_1_25' title="bbox 268 2923 1336 3020; baseline 0.001 -28"><span class='ocrx_word' id='word_1_175' title='bbox 268 2923 348 2994; x_wconf 91' lang='lat' dir='ltr'><strong>illud</strong></span> <span class='ocrx_word' id='word_1_176' title='bbox 363 2924 482 3008; x_wconf 86' lang='lat' dir='ltr'><strong>refert,</strong></span> <span class='ocrx_word' id='word_1_177' title='bbox 507 2923 565 2993; x_wconf 89' lang='lat' dir='ltr'><strong>sed</strong></span> <span class='ocrx_word' id='word_1_178' title='bbox 585 2950 626 2994; x_wconf 82' lang='lat' dir='ltr'><strong>ex</strong></span> <span class='ocrx_word' id='word_1_179' title='bbox 646 2924 791 3019; x_wconf 89' lang='lat' dir='ltr'><strong>quodam</strong></span> <span class='ocrx_word' id='word_1_180' title='bbox 820 2926 965 2995; x_wconf 90' lang='lat' dir='ltr'><strong>Cornelii</strong></span> <span class='ocrx_word' id='word_1_181' title='bbox 989 2925 1128 3020; x_wconf 90' lang='lat' dir='ltr'><strong>Nepotis</strong></span> <span class='ocrx_word' id='word_1_182' title='bbox 1148 2951 1268 3020; x_wconf 90' lang='lat' dir='ltr'><strong>opere,</strong></span> <span class='ocrx_word' id='word_1_183' title='bbox 1295 2925 1336 2994; x_wconf 87' lang='lat' dir='ltr'><strong>ad</strong></span> 
     </span>
     <span class='ocr_line' id='line_1_26' title="bbox 266 3029 1335 3126; baseline 0 -27"><span class='ocrx_word' id='word_1_184' title='bbox 266 3029 356 3125; x_wconf 93' lang='lat' dir='ltr'><strong>quod</strong></span> <span class='ocrx_word' id='word_1_185' title='bbox 368 3033 539 3102; x_wconf 85' lang='lat' dir='ltr'><strong>vetustatis</strong></span> <span class='ocrx_word' id='word_1_186' title='bbox 555 3032 674 3126; x_wconf 89' lang='lat' dir='ltr'><strong>injuria</strong></span> <span class='ocrx_word' id='word_1_187' title='bbox 688 3056 859 3100; x_wconf 90' lang='lat' dir='ltr'><strong>recurrere</strong></span> <span class='ocrx_word' id='word_1_188' title='bbox 875 3058 943 3101; x_wconf 92' lang='lat' dir='ltr'><strong>non</strong></span> <span class='ocrx_word' id='word_1_189' title='bbox 963 3033 1049 3102; x_wconf 88' lang='lat' dir='ltr'><strong>sinit.</strong></span> <span class='ocrx_word' id='word_1_190' title='bbox 1064 3033 1216 3125; x_wconf 92' lang='lat' dir='ltr'><strong>Denique</strong></span> <span class='ocrx_word' id='word_1_191' title='bbox 1230 3057 1250 3100; x_wconf 84' lang='lat' dir='ltr'><strong>a</strong></span> <span class='ocrx_word' id='word_1_192' title='bbox 1270 3057 1335 3126; x_wconf 93' lang='lat' dir='ltr'><strong>quo</strong></span> 
     </span>
     <span class='ocr_line' id='line_1_27' title="bbox 267 3135 1335 3234; baseline 0.002 -28"><span class='ocrx_word' id='word_1_193' title='bbox 267 3135 347 3206; x_wconf 91' lang='lat' dir='ltr'><strong>illud</strong></span> <span class='ocrx_word' id='word_1_194' title='bbox 355 3135 530 3206; x_wconf 89' lang='lat' dir='ltr'><strong>Cornelius</strong></span> <span class='ocrx_word' id='word_1_195' title='bbox 546 3152 768 3233; x_wconf 89' lang='lat' dir='ltr'><strong>compererat,</strong></span> <span class='ocrx_word' id='word_1_196' title='bbox 779 3141 953 3208; x_wconf 91' lang='lat' dir='ltr'><strong>incertum.</strong></span> <span class='ocrx_word' id='word_1_197' title='bbox 962 3141 1040 3210; x_wconf 89' lang='lat' dir='ltr'><strong>Non</strong></span> <span class='ocrx_word' id='word_1_198' title='bbox 1053 3163 1132 3233; x_wconf 83' lang='lat' dir='ltr'><strong>ergo</strong></span> <span class='ocrx_word' id='word_1_199' title='bbox 1143 3142 1221 3208; x_wconf 88' lang='lat' dir='ltr'><strong>satis</strong></span> <span class='ocrx_word' id='word_1_200' title='bbox 1233 3140 1335 3234; x_wconf 85' lang='lat' dir='ltr'><strong>probe</strong></span> 
     </span>
     <span class='ocr_line' id='line_1_28' title="bbox 268 3243 842 3342; baseline 0.003 -30"><span class='ocrx_word' id='word_1_201' title='bbox 268 3243 388 3314; x_wconf 85' lang='lat' dir='ltr'><strong>tradita</strong></span> <span class='ocrx_word' id='word_1_202' title='bbox 404 3268 456 3312; x_wconf 87' lang='lat' dir='ltr'><strong>res</strong></span> <span class='ocrx_word' id='word_1_203' title='bbox 472 3258 538 3327; x_wconf 88' lang='lat' dir='ltr'><strong>est,</strong></span> <span class='ocrx_word' id='word_1_204' title='bbox 556 3259 593 3313; x_wconf 93' lang='lat' dir='ltr'><strong>ut</strong></span> <span class='ocrx_word' id='word_1_205' title='bbox 610 3245 699 3314; x_wconf 90' lang='lat' dir='ltr'><strong>credi</strong></span> <span class='ocrx_word' id='word_1_206' title='bbox 715 3245 842 3342; x_wconf 80' lang='lat' dir='ltr'><strong>debeat.</strong></span> 
     </span>
    </p>

    <p class='ocr_par' dir='ltr' id='par_1_7' title="bbox 193 3351 1333 3765">
     <span class='ocr_line' id='line_1_29' title="bbox 260 3351 1333 3446; baseline -0.004 -24"><span class='ocrx_word' id='word_1_207' title='bbox 260 3417 262 3422; x_wconf 90' lang='lat'><strong>.</strong></span> <span class='ocrx_word' id='word_1_208' title='bbox 319 3353 409 3420; x_wconf 91' lang='lat' dir='ltr'><strong>Dum</strong></span> <span class='ocrx_word' id='word_1_209' title='bbox 425 3364 558 3436; x_wconf 88' lang='lat' dir='ltr'><strong>contra,</strong></span> <span class='ocrx_word' id='word_1_210' title='bbox 569 3352 603 3419; x_wconf 93' lang='lat' dir='ltr'><strong>in</strong></span> <span class='ocrx_word' id='word_1_211' title='bbox 617 3352 719 3446; x_wconf 92' lang='lat' dir='ltr'><strong>ipsius</strong></span> <span class='ocrx_word' id='word_1_212' title='bbox 733 3351 871 3443; x_wconf 89' lang='lat' dir='ltr'><strong>hujusce</strong></span> <span class='ocrx_word' id='word_1_213' title='bbox 879 3352 1246 3420; x_wconf 88' lang='lat' dir='ltr'><strong>Heautontimorumeni</strong></span> <span class='ocrx_word' id='word_1_214' title='bbox 1263 3374 1333 3444; x_wconf 83' lang='lat' dir='ltr'><strong>pro</strong></span> 
     </span>
     <span class='ocr_line' id='line_1_30' title="bbox 266 3455 1332 3552; baseline 0 -28"><span class='ocrx_word' id='word_1_215' title='bbox 266 3455 363 3551; x_wconf 83' lang='lat' dir='ltr'><strong>logo,</strong></span> <span class='ocrx_word' id='word_1_216' title='bbox 381 3459 491 3526; x_wconf 89' lang='lat' dir='ltr'><strong>omnia</strong></span> <span class='ocrx_word' id='word_1_217' title='bbox 520 3455 662 3552; x_wconf 82' lang='lat' dir='ltr'><strong>denegat</strong></span> <span class='ocrx_word' id='word_1_218' title='bbox 683 3459 856 3526; x_wconf 90' lang='lat' dir='ltr'><strong>Terentius</strong></span> <span class='ocrx_word' id='word_1_219' title='bbox 882 3473 950 3526; x_wconf 84' lang='lat' dir='ltr'><strong>tam</strong></span> <span class='ocrx_word' id='word_1_220' title='bbox 975 3459 1113 3545; x_wconf 86' lang='lat' dir='ltr'><strong>acriter,</strong></span> <span class='ocrx_word' id='word_1_221' title='bbox 1134 3472 1173 3526; x_wconf 92' lang='lat' dir='ltr'><strong>ut</strong></span> <span class='ocrx_word' id='word_1_222' title='bbox 1199 3459 1332 3525; x_wconf 91' lang='lat' dir='ltr'><strong>omnino</strong></span> 
     </span>
     <span class='ocr_line' id='line_1_31' title="bbox 193 3561 1332 3659; baseline -0.002 -27"><span class='ocrx_word' id='word_1_223' title='bbox 193 3609 198 3621; x_wconf 85' lang='lat'>·</span> <span class='ocrx_word' id='word_1_224' title='bbox 265 3561 434 3632; x_wconf 82' lang='lat' dir='ltr'><strong>refellatur</strong></span> <span class='ocrx_word' id='word_1_225' title='bbox 446 3563 608 3658; x_wconf 91' lang='lat' dir='ltr'><strong>quidquid</strong></span> <span class='ocrx_word' id='word_1_226' title='bbox 622 3563 837 3634; x_wconf 88' lang='lat' dir='ltr'><strong>confessionis</strong></span> <span class='ocrx_word' id='word_1_227' title='bbox 846 3565 881 3631; x_wconf 91' lang='lat' dir='ltr'><strong>in</strong></span> <span class='ocrx_word' id='word_1_228' title='bbox 893 3562 1052 3659; x_wconf 83' lang='lat' dir='ltr'><strong>Adelphis</strong></span> <span class='ocrx_word' id='word_1_229' title='bbox 1063 3562 1266 3658; x_wconf 91' lang='lat' dir='ltr'><strong>deprehendi</strong></span> <span class='ocrx_word' id='word_1_230' title='bbox 1277 3588 1332 3658; x_wconf 90' lang='lat' dir='ltr'><strong>pu·</strong></span> 
     </span>
     <span class='ocr_line' id='line_1_32' title="bbox 264 3669 914 3765; baseline -0.005 -27"><span class='ocrx_word' id='word_1_231' title='bbox 264 3669 398 3756; x_wconf 83' lang='lat' dir='ltr'><strong>tabant3</strong></span> <span class='ocrx_word' id='word_1_232' title='bbox 414 3669 503 3763; x_wconf 90' lang='lat' dir='ltr'><strong>quod</strong></span> <span class='ocrx_word' id='word_1_233' title='bbox 521 3695 561 3740; x_wconf 85' lang='lat' dir='ltr'><strong>ex</strong></span> <span class='ocrx_word' id='word_1_234' title='bbox 576 3672 654 3765; x_wconf 92' lang='lat' dir='ltr'><strong>ipsis</strong></span> <span class='ocrx_word' id='word_1_235' title='bbox 670 3685 761 3765; x_wconf 87' lang='lat' dir='ltr'><strong>patet</strong></span> <span class='ocrx_word' id='word_1_236' title='bbox 782 3669 914 3740; x_wconf 85' lang='lat' dir='ltr'><strong>verbis:</strong></span> 
     </span>
    </p>
   </div>
   <div class='ocr_carea' id='block_1_3' title="bbox 260 3851 1326 4084">
    <p class='ocr_par' dir='ltr' id='par_1_8' title="bbox 260 3851 1326 4084">
     <span class='ocr_line' id='line_1_33' title="bbox 305 3851 1326 3926; baseline -0.005 -17"><span class='ocrx_word' id='word_1_237' title='bbox 305 3855 373 3909; x_wconf 83' lang='lat' dir='ltr'><strong>1.1n</strong></span> <span class='ocrx_word' id='word_1_238' title='bbox 385 3853 439 3906; x_wconf 85' lang='lat' dir='ltr'><strong>vita</strong></span> <span class='ocrx_word' id='word_1_239' title='bbox 447 3853 574 3907; x_wconf 87' lang='lat' dir='ltr'><strong>Terentii.</strong></span> <span class='ocrx_word' id='word_1_240' title='bbox 817 3853 963 3926; x_wconf 87' lang='lat' dir='ltr'><strong>imperium</strong></span> <span class='ocrx_word' id='word_1_241' title='bbox 985 3851 1078 3920; x_wconf 87' lang='lat' dir='ltr'><strong>domi,</strong></span> <span class='ocrx_word' id='word_1_242' title='bbox 1103 3851 1167 3906; x_wconf 78' lang='lat' dir='ltr'><strong>viris</strong></span> <span class='ocrx_word' id='word_1_243' title='bbox 1200 3851 1326 3914; x_wconf 82' lang='lat' dir='ltr'><strong>exclusis,</strong></span> 
     </span>
     <span class='ocr_line' id='line_1_34' title="bbox 306 3934 983 3988; baseline -0.001 0"><span class='ocrx_word' id='word_1_244' title='bbox 306 3954 332 3988; x_wconf 79' lang='lat' dir='ltr'><strong>a.</strong></span> <span class='ocrx_word' id='word_1_245' title='bbox 353 3935 418 3988; x_wconf 78' lang='lat' dir='ltr'><strong>Erat</strong></span> <span class='ocrx_word' id='word_1_246' title='bbox 442 3946 505 3986; x_wconf 89' lang='lat' dir='ltr'><strong>tunc</strong></span> <span class='ocrx_word' id='word_1_247' title='bbox 527 3934 624 3986; x_wconf 81' lang='lat' dir='ltr'><strong>festum</strong></span> <span class='ocrx_word' id='word_1_248' title='bbox 642 3934 773 3987; x_wconf 86' lang='lat' dir='ltr'><strong>Matronis</strong></span> <span class='ocrx_word' id='word_1_249' title='bbox 818 3935 983 3987; x_wconf 85' lang='lat' dir='ltr'><strong>exercebant.</strong></span> 
     </span>
     <span class='ocr_line' id='line_1_35' title="bbox 260 4011 1270 4084; baseline -0.003 -16"><span class='ocrx_word' id='word_1_250' title='bbox 260 4013 379 4068; x_wconf 81' lang='lat' dir='ltr'><strong>romanis</strong></span> <span class='ocrx_word' id='word_1_251' title='bbox 388 4013 502 4079; x_wconf 69' lang='lat' dir='ltr'><strong>dictuun</strong></span> <span class='ocrx_word' id='word_1_252' title='bbox 513 4014 542 4066; x_wconf 89' lang='lat' dir='ltr'><strong>iu</strong></span> <span class='ocrx_word' id='word_1_253' title='bbox 554 4031 607 4084; x_wconf 81' lang='lat' dir='ltr'><strong>qua</strong></span> <span class='ocrx_word' id='word_1_254' title='bbox 620 4013 718 4068; x_wconf 87' lang='lat' dir='ltr'><strong>scilicet</strong></span> <span class='ocrx_word' id='word_1_255' title='bbox 728 4011 772 4066; x_wconf 90' lang='lat' dir='ltr'><strong>die</strong></span> <span class='ocrx_word' id='word_1_256' title='bbox 858 4015 885 4070; x_wconf 85' lang='lat'><strong>3.</strong></span> <span class='ocrx_word' id='word_1_257' title='bbox 899 4015 930 4066; x_wconf 91' lang='lat' dir='ltr'><strong>lu</strong></span> <span class='ocrx_word' id='word_1_258' title='bbox 944 4013 1014 4066; x_wconf 86' lang='lat' dir='ltr'><strong>notis</strong></span> <span class='ocrx_word' id='word_1_259' title='bbox 1027 4011 1060 4066; x_wconf 87' lang='lat' dir='ltr'><strong>de</strong></span> <span class='ocrx_word' id='word_1_260' title='bbox 1073 4013 1127 4068; x_wconf 73' lang='lat' dir='ltr'><strong>uita</strong></span> <span class='ocrx_word' id='word_1_261' title='bbox 1139 4011 1270 4066; x_wconf 88' lang='lat' dir='ltr'><strong>Terentii.</strong></span> 
     </span>
    </p>
   </div>
   <div class='ocr_carea' id='block_1_4' title="bbox 0 0 1512 4872">
    <p class='ocr_par' dir='ltr' id='par_1_9' title="bbox 0 0 1512 4872">
     <span class='ocr_line' id='line_1_36' title="bbox 0 0 1512 4872; baseline 0 5"><span class='ocrx_word' id='word_1_262' title='bbox 0 0 1512 4872; x_wconf 95' lang='lat' dir='ltr'><strong> </strong></span> 
     </span>
    </p>
   </div>
  </div>
 </body>
</html>
