3014 4872
272 420 360 492 av,
543 397 714 467 morou
741 399 804 468 ns
832 397 1082 467 comosum.

285 542 418 623 getam,
439 527 589 598 videlieet
610 555 671 625 per
692 555 797 600 annos
818 527 948 598 circiter
974 530 1149 624 sexaginta.
1178 531 1356 620 Tertium,

284 634 373 730 quod
390 635 431 704 ab
453 635 627 705 Alexandri
651 637 856 732 temporibus
874 636 957 705 adeo
976 636 1119 705 faustum
1134 639 1273 732 sumpsit
1284 641 1357 708 ini-

285 744 384 829 tium,
399 757 437 811 ut
453 744 551 812 etiam
571 767 591 810 a
610 745 734 812 latinis
751 745 785 811 in
804 745 975 838 praesentia
992 741 1186 811 celebretur.
1203 745 1355 814 Verum-

284 865 395 917 tamen
420 873 482 943 ego
507 849 711 918 Comoediam
738 853 892 919 Graecum
915 875 985 918 esse
1012 851 1183 918 inventum
1215 852 1356 920 minime

284 955 452 1024 arbitror:
477 979 584 1050 neque
611 945 678 1046 (ut
697 957 843 1025 Thomas
870 957 1039 1050 Magister,
1065 970 1098 1024 et
1127 981 1203 1024 eum
1229 959 1353 1046 secuti,

283 1061 438 1131 videntur
462 1054 646 1148 aestimare)
660 1061 706 1129 ab
727 1062 878 1157 agricolis
902 1065 1024 1131 civium
1049 1063 1183 1156 injurias
1205 1087 1350 1158 conque-

284 1168 433 1238 rentibus
454 1193 524 1237 esse
550 1168 742 1238 derivatam.
764 1172 836 1237 Hoc
857 1193 976 1264 nempe
997 1193 1129 1238 causam
1148 1171 1351 1264 asperitatis,

284 1291 318 1343 et
332 1277 517 1370 jurgiorum
541 1276 576 1343 in
596 1276 710 1344 Veteri
728 1275 900 1344 Comoedia
923 1275 1055 1344 reddit:
1074 1299 1174 1368 quam
1195 1301 1273 1345 mox
1288 1278 1350 1372 ipsi

284 1380 383 1476 longe
403 1380 499 1450 aliam
517 1405 587 1449 esse
606 1380 798 1450 docebimus
813 1407 820 1450 :
835 1406 943 1476 neque
958 1381 1090 1451 videtur
1102 1381 1300 1477 quidquam,
1314 1399 1352 1452 ut

284 1513 369 1573 reor,
378 1487 420 1556 ad
429 1487 608 1557 Comoedias
622 1487 801 1583 primordia
813 1490 994 1585 pertinere:
1009 1489 1167 1582 quoniam
1179 1489 1350 1584 Orpheus,

284 1619 382 1690 quem
414 1607 543 1663 constat
572 1619 631 1690 per
659 1611 791 1664 centum
813 1593 954 1689 amplius
984 1619 1089 1665 annos
1113 1609 1190 1664 ante
1216 1598 1352 1690 Trojani

284 1700 361 1770 belli
379 1714 530 1796 tempora
543 1703 678 1789 vixisse,
700 1702 762 1771 sub
784 1700 1011 1771 Laomedonte
1031 1701 1172 1789 scilicet,
1191 1727 1231 1770 ac
1249 1703 1350 1772 Athe·

285 1807 334 1876 uis
351 1809 455 1902 AEgeo
469 1809 668 1902 imperante,
685 1808 806 1878 Bacchi
825 1809 980 1902 mysteria
996 1807 1039 1876 ab
1054 1810 1214 1903 AEgyptiis
1233 1807 1350 1878 tralata

285 1916 352 1984 suis
371 1915 613 1984 Thraccnsibus
626 1914 793 1984 indicavit.
809 1917 910 2009 Atqui
927 1913 1123 1997 Comoedia,
1140 1915 1353 2009 quemadmo-

285 2025 363 2094 dum
378 2021 464 2090 idem
480 2023 595 2090 asserit
604 2022 764 2108 Thomas,
780 2023 867 2090 veris
881 2035 1031 2117 tempore
1043 2023 1076 2088 in
1094 2020 1351 2091 Bacchanalibus

285 2131 477 2226 agebantur.
501 2128 601 2198 Unde
620 2130 717 2197 etiam
737 2127 826 2223 apud
846 2129 1017 2198 Romanos
1037 2151 1095 2196 ara
1116 2129 1238 2197 Libero
1265 2131 1350 2223 patri

285 2261 377 2308 sacra
393 2237 426 2303 in
440 2235 557 2304 dextro
576 2235 677 2304 latere
692 2259 798 2303 scenae
811 2287 820 2318 ,
831 2233 1110 2329 quemadmodum
1123 2235 1169 2303 ait
1187 2237 1350 2321 Donatus,

285 2344 337 2413 rel
353 2341 548 2430 orchestrae,
569 2356 607 2410 ut
624 2339 760 2430 Pollux,
778 2365 909 2435 semper
926 2341 1125 2436 erigebatur,
1137 2341 1224 2435 quod
1244 2343 1351 2410 maxi-

286 2477 378 2520 mum
400 2465 449 2519 est
466 2464 718 2544 argumentum,
738 2471 757 2517 a
778 2448 899 2517 Bacchi
918 2448 1078 2542 mysteriis
1098 2471 1197 2516 omne
1211 2445 1349 2517 Fabula·

288 2583 362 2628 rum
392 2581 496 2653 genus
511 2581 582 2626 esse
601 2555 846 2650 depromptum.
868 2554 908 2623 ld
925 2557 1085 2642 Horatius
1099 2555 1225 2642 innuit,
1248 2579 1348 2650 quum

287 2679 508 2764 spectatorem
537 2677 570 2732 et
600 2663 700 2732 sacris
718 2663 888 2746 functum,
910 2675 944 2730 et
965 2677 1082 2756 potum
1104 2659 1257 2756 appellat.
1288 2665 1351 2732 Par

289 2795 339 2842 est
351 2772 451 2867 igitur
468 2770 639 2854 arbitrari,
653 2770 760 2864 prima
774 2768 954 2839 Comoediae
963 2768 1087 2837 semina
1100 2792 1161 2863 per
1177 2769 1349 2863 Orpheum

288 2881 331 2949 ab
346 2883 488 2974 AEgypto
506 2877 540 2944 in
561 2878 722 2946 Graeciam
742 2876 842 2965 fuisse
857 2874 983 2961 delata;
996 2874 1084 2944 unde
1094 2874 1265 2969 complura
1284 2901 1350 2945 non

289 2986 447 3081 Orpheus
460 2983 578 3070 modo,
593 3007 709 3051 verum
725 2997 759 3052 et
768 2981 823 3051 alii
832 2981 1082 3051 transtulerunt.
1096 2980 1252 3052 Celebres
1264 2984 1350 3051 enim

289 3107 384 3164 erant
404 3105 438 3160 et
454 3089 630 3160 Phoeniciae
652 3089 752 3160 literae
772 3088 920 3159 nondum
937 3089 1063 3158 Graecis
1078 3087 1240 3157 sexdecim
1259 3091 1352 3158 aPa·

289 3199 416 3268 lamede
433 3196 567 3292 Nauplii
586 3197 654 3266 filio
678 3197 914 3290 configeretis:
938 3219 977 3264 ac
995 3195 1130 3290 plurimi
1150 3195 1256 3264 studia
1278 3221 1351 3289 poe

286 3304 604 3377 ticeshababantur:
621 3303 826 3400 proindeque
842 3303 1005 3395 sapientes
1020 3300 1065 3371 illi
1078 3302 1223 3372 numeris
1242 3304 1350 3370 omnia

272 3397 533 3508 'componebant
555 3439 563 3479 :
584 3435 657 3507 quae
689 3433 754 3478 una
778 3433 854 3477 cum
878 3409 995 3478 ceteris
1020 3407 1109 3503 apud
1135 3423 1206 3478 tum
1234 3411 1352 3503 AEgyp-

287 3522 349 3590 ties
367 3519 516 3592 floruisse
536 3543 634 3587 nemo
653 3517 737 3585 hene
752 3514 870 3584 doctus
889 3515 1059 3584 dubitarit.
1076 3513 1154 3584 Non
1174 3514 1353 3584 defuerunt

286 3629 402 3713 etiam,
429 3628 486 3720 qui
513 3623 711 3693 Fabularum
737 3622 830 3690 initia
859 3620 978 3692 Siculis
1004 3619 1251 3715 adjudicarent,
1271 3645 1351 3715 que·

286 3733 499 3803 madmodum
520 3728 762 3799 Aristotelesin
784 3729 926 3798 Poeticis
941 3729 1002 3812 ait,
1017 3729 1173 3821 quoniam
1188 3727 1351 3822 Epichar-

284 3833 359 3911 mus
375 3841 588 3911 Comicorum
603 3836 849 3930 antiquissimus
864 3850 962 3930 poeta
972 3832 1063 3902 illinc
1078 3849 1164 3904 esset
1178 3833 1350 3916 oriundus.

285 3951 511 4044 Syracusanus
542 3946 630 4012 enim
661 3967 775 4013 revera
805 3943 882 4028 fixit,-
915 3939 1127 4036 duplicesque
1155 3943 1349 4010 Graecorum

285 4055 394 4128 literas
412 4048 652 4146 l,{,g,.primus
669 4053 817 4121 omnium
834 4049 1052 4143 excogitauit,
1071 4049 1157 4118 sicut
1177 4049 1209 4116 in
1229 4047 1352 4118 lliados
