<?xml version="1.0" encoding="UTF-8"?>
<!DOCTYPE html PUBLIC "-//W3C//DTD XHTML 1.0 Transitional//EN"
    "http://www.w3.org/TR/xhtml1/DTD/xhtml1-transitional.dtd">
<html xmlns="http://www.w3.org/1999/xhtml" xml:lang="en" lang="en">
 <head>
  <title>
</title>
<meta http-equiv="Content-Type" content="text/html;charset=utf-8" />
  <meta name='ocr-system' content='tesseract 3.04.00' />
  <meta name='ocr-capabilities' content='ocr_page ocr_carea ocr_par ocr_line ocrx_word'/>
</head>
<body>
  <div class='ocr_page' id='page_1' title='image "./publiiterentiia04lemagoog/publiiterentiia04lemagoog_0406.png"; bbox 0 0 3032 4864; ppageno 0'>
   <div class='ocr_carea' id='block_1_1' title="bbox 316 373 1153 468">
    <p class='ocr_par' dir='ltr' id='par_1_1' title="bbox 316 373 1153 468">
     <span class='ocr_line' id='line_1_1' title="bbox 316 373 1153 468; baseline 0.002 -28"><span class='ocrx_word' id='word_1_1' title='bbox 316 396 385 468; x_wconf 65' lang='grc' dir='ltr'><strong>ιφ</strong></span> <span class='ocrx_word' id='word_1_2' title='bbox 533 373 712 442; x_wconf 77' lang='lat' dir='ltr'><strong>runnu</strong></span> <span class='ocrx_word' id='word_1_3' title='bbox 740 375 999 466; x_wconf 76' lang='lat' dir='ltr'><strong>rnaanrrr</strong></span> <span class='ocrx_word' id='word_1_4' title='bbox 1027 376 1153 444; x_wconf 78' lang='lat' dir='ltr'><strong>arni</strong></span> 
     </span>
    </p>
   </div>
   <div class='ocr_carea' id='block_1_2' title="bbox 307 501 1402 1342">
    <p class='ocr_par' dir='ltr' id='par_1_2' title="bbox 310 501 1402 785">
     <span class='ocr_line' id='line_1_2' title="bbox 310 501 1282 598; baseline 0.002 -26"><span class='ocrx_word' id='word_1_5' title='bbox 310 501 448 592; x_wconf 82' lang='lat' dir='ltr'><strong>ltumn’,</strong></span> <span class='ocrx_word' id='word_1_6' title='bbox 462 502 580 588; x_wconf 86' lang='lat' dir='ltr'>Thais,</span> <span class='ocrx_word' id='word_1_7' title='bbox 598 504 753 598; x_wconf 90' lang='lat' dir='ltr'><strong>quopiam</strong></span> <span class='ocrx_word' id='word_1_8' title='bbox 770 504 829 576; x_wconf 80' lang='lat' dir='ltr'><strong>ea?</strong></span> <span class='ocrx_word' id='word_1_9' title='bbox 841 509 931 574; x_wconf 78' lang='lat' dir='ltr'><strong>Tira.</strong></span> <span class='ocrx_word' id='word_1_10' title='bbox 941 505 1068 593; x_wconf 87' lang='lat' dir='ltr'><strong>Ehem,</strong></span> <span class='ocrx_word' id='word_1_11' title='bbox 1084 507 1282 592; x_wconf 76' lang='lat' dir='ltr'><strong>Parmeno,</strong></span> 
     </span>
     <span class='ocr_line' id='line_1_3' title="bbox 310 609 1402 702; baseline -0.002 -22"><span class='ocrx_word' id='word_1_12' title='bbox 310 613 398 680; x_wconf 86' lang='lat' dir='ltr'><strong>Beue</strong></span> <span class='ocrx_word' id='word_1_13' title='bbox 417 609 644 680; x_wconf 83' lang='lat' dir='ltr'><strong>lecisti:hodie</strong></span> <span class='ocrx_word' id='word_1_14' title='bbox 666 611 763 680; x_wconf 89' lang='lat' dir='ltr'><strong>itura.</strong></span> <span class='ocrx_word' id='word_1_15' title='bbox 782 613 841 682; x_wconf 85' lang='lat' dir='ltr'><strong>Pa.</strong></span> <span class='ocrx_word' id='word_1_16' title='bbox 855 609 1057 702; x_wconf 79' lang='lat' dir='ltr'><strong>QuolTraa.</strong></span> <span class='ocrx_word' id='word_1_17' title='bbox 1072 610 1303 700; x_wconf 77' lang='lat' dir='ltr'><strong>Quidlllunc</strong></span> <span class='ocrx_word' id='word_1_18' title='bbox 1322 635 1402 679; x_wconf 89' lang='lat' dir='ltr'><strong>non</strong></span> 
     </span>
     <span class='ocr_line' id='line_1_4' title="bbox 468 715 582 785; baseline 0.018 -3"><span class='ocrx_word' id='word_1_19' title='bbox 468 715 582 785; x_wconf 84' lang='lat' dir='ltr'><strong>vides?</strong></span> 
     </span>
    </p>

    <p class='ocr_par' dir='ltr' id='par_1_3' title="bbox 309 821 1399 1131">
     <span class='ocr_line' id='line_1_5' title="bbox 309 821 1261 908; baseline -0.001 -16"><span class='ocrx_word' id='word_1_20' title='bbox 309 825 369 892; x_wconf 74' lang='lat' dir='ltr'><strong>Pr.</strong></span> <span class='ocrx_word' id='word_1_21' title='bbox 382 821 506 906; x_wconf 88' lang='lat' dir='ltr'><strong>Video,</strong></span> <span class='ocrx_word' id='word_1_22' title='bbox 528 837 562 891; x_wconf 92' lang='lat' dir='ltr'><strong>et</strong></span> <span class='ocrx_word' id='word_1_23' title='bbox 581 847 634 890; x_wconf 92' lang='lat' dir='ltr'><strong>me</strong></span> <span class='ocrx_word' id='word_1_24' title='bbox 654 822 762 892; x_wconf 79' lang='lat' dir='ltr'><strong>tardet.</strong></span> <span class='ocrx_word' id='word_1_25' title='bbox 777 823 846 892; x_wconf 89' lang='lat' dir='ltr'><strong>Ubi</strong></span> <span class='ocrx_word' id='word_1_26' title='bbox 863 825 929 908; x_wconf 88' lang='lat' dir='ltr'><strong>vis,</strong></span> <span class='ocrx_word' id='word_1_27' title='bbox 947 823 1034 893; x_wconf 90' lang='lat' dir='ltr'><strong>dona</strong></span> <span class='ocrx_word' id='word_1_28' title='bbox 1054 823 1174 894; x_wconf 83' lang='lat' dir='ltr'><strong>adsunt</strong></span> <span class='ocrx_word' id='word_1_29' title='bbox 1196 823 1261 893; x_wconf 87' lang='lat' dir='ltr'><strong>tibi</strong></span> 
     </span>
     <span class='ocr_line' id='line_1_6' title="bbox 310 927 1399 1016; baseline -0.003 -18"><span class='ocrx_word' id='word_1_30' title='bbox 310 928 512 998; x_wconf 79' lang='lat' dir='ltr'><strong>APhaedria.</strong></span> <span class='ocrx_word' id='word_1_31' title='bbox 527 931 615 998; x_wconf 78' lang='lat' dir='ltr'><strong>Tnn.</strong></span> <span class='ocrx_word' id='word_1_32' title='bbox 635 927 726 1016; x_wconf 83' lang='lat' dir='ltr'>Quid</span> <span class='ocrx_word' id='word_1_33' title='bbox 744 928 891 1000; x_wconf 76' lang='lat' dir='ltr'><strong>stamus?</strong></span> <span class='ocrx_word' id='word_1_34' title='bbox 905 933 976 1000; x_wconf 89' lang='lat' dir='ltr'><strong>Cur</strong></span> <span class='ocrx_word' id='word_1_35' title='bbox 996 955 1064 1000; x_wconf 90' lang='lat' dir='ltr'><strong>non</strong></span> <span class='ocrx_word' id='word_1_36' title='bbox 1084 933 1169 1000; x_wconf 88' lang='lat' dir='ltr'><strong>imus</strong></span> <span class='ocrx_word' id='word_1_37' title='bbox 1188 928 1299 998; x_wconf 89' lang='lat' dir='ltr'><strong>hinc?</strong></span> <span class='ocrx_word' id='word_1_38' title='bbox 1354 957 1399 1002; x_wconf 70' lang='lat' dir='ltr'><strong>ro</strong></span> 
     </span>
     <span class='ocr_line' id='line_1_7' title="bbox 311 1033 1187 1131; baseline 0 -26"><span class='ocrx_word' id='word_1_39' title='bbox 311 1035 369 1105; x_wconf 79' lang='lat' dir='ltr'><strong>Pa.</strong></span> <span class='ocrx_word' id='word_1_40' title='bbox 385 1036 507 1123; x_wconf 85' lang='lat' dir='ltr'><strong>Quaeso</strong></span> <span class='ocrx_word' id='word_1_41' title='bbox 526 1033 637 1104; x_wconf 88' lang='lat' dir='ltr'><strong>hercle</strong></span> <span class='ocrx_word' id='word_1_42' title='bbox 653 1049 691 1104; x_wconf 90' lang='lat' dir='ltr'><strong>ut</strong></span> <span class='ocrx_word' id='word_1_43' title='bbox 708 1034 818 1123; x_wconf 85' lang='lat' dir='ltr'><strong>liceat,</strong></span> <span class='ocrx_word' id='word_1_44' title='bbox 836 1060 917 1130; x_wconf 88' lang='lat' dir='ltr'><strong>pace</strong></span> <span class='ocrx_word' id='word_1_45' title='bbox 931 1036 1021 1131; x_wconf 90' lang='lat' dir='ltr'><strong>quod</strong></span> <span class='ocrx_word' id='word_1_46' title='bbox 1039 1035 1098 1105; x_wconf 90' lang='lat' dir='ltr'><strong>fiat</strong></span> <span class='ocrx_word' id='word_1_47' title='bbox 1116 1051 1187 1118; x_wconf 87' lang='lat' dir='ltr'><strong>tua,</strong></span> 
     </span>
    </p>

    <p class='ocr_par' dir='ltr' id='par_1_4' title="bbox 311 1139 1197 1236">
     <span class='ocr_line' id='line_1_8' title="bbox 311 1139 1197 1236; baseline 0 -26"><span class='ocrx_word' id='word_1_48' title='bbox 311 1144 401 1211; x_wconf 90' lang='lat' dir='ltr'><strong>Dare</strong></span> <span class='ocrx_word' id='word_1_49' title='bbox 415 1141 494 1210; x_wconf 92' lang='lat' dir='ltr'><strong>huic</strong></span> <span class='ocrx_word' id='word_1_50' title='bbox 512 1165 585 1236; x_wconf 72' lang='lat' dir='ltr'><strong>quae</strong></span> <span class='ocrx_word' id='word_1_51' title='bbox 602 1139 773 1228; x_wconf 90' lang='lat' dir='ltr'><strong>volumus,</strong></span> <span class='ocrx_word' id='word_1_52' title='bbox 788 1145 965 1212; x_wconf 89' lang='lat' dir='ltr'><strong>convenire</strong></span> <span class='ocrx_word' id='word_1_53' title='bbox 983 1156 1018 1211; x_wconf 92' lang='lat' dir='ltr'><strong>et</strong></span> <span class='ocrx_word' id='word_1_54' title='bbox 1034 1141 1197 1236; x_wconf 85' lang='lat' dir='ltr'><strong>conloqui.</strong></span> 
     </span>
    </p>

    <p class='ocr_par' dir='ltr' id='par_1_5' title="bbox 307 1245 1264 1342">
     <span class='ocr_line' id='line_1_9' title="bbox 307 1245 1264 1342; baseline 0 -26"><span class='ocrx_word' id='word_1_55' title='bbox 307 1251 397 1318; x_wconf 82' lang='lat' dir='ltr'><strong>Tun.</strong></span> <span class='ocrx_word' id='word_1_56' title='bbox 412 1245 616 1342; x_wconf 84' lang='lat' dir='ltr'>Perpulchra</span> <span class='ocrx_word' id='word_1_57' title='bbox 636 1248 736 1318; x_wconf 89' lang='lat' dir='ltr'><strong>credo</strong></span> <span class='ocrx_word' id='word_1_58' title='bbox 754 1248 861 1334; x_wconf 89' lang='lat' dir='ltr'><strong>dona,</strong></span> <span class='ocrx_word' id='word_1_59' title='bbox 881 1247 971 1318; x_wconf 88' lang='lat' dir='ltr'><strong>baud</strong></span> <span class='ocrx_word' id='word_1_60' title='bbox 993 1251 1112 1318; x_wconf 86' lang='lat' dir='ltr'><strong>nostris</strong></span> <span class='ocrx_word' id='word_1_61' title='bbox 1132 1247 1264 1318; x_wconf 84' lang='lat' dir='ltr'><strong>similia.</strong></span> 
     </span>
    </p>
   </div>
   <div class='ocr_carea' id='block_1_3' title="bbox 310 1484 1394 1956">
    <p class='ocr_par' dir='ltr' id='par_1_6' title="bbox 310 1484 1394 1956">
     <span class='ocr_line' id='line_1_10' title="bbox 350 1484 1393 1556; baseline 0.004 -20"><span class='ocrx_word' id='word_1_62' title='bbox 350 1490 414 1549; x_wconf 69' lang='lat'><strong>462.</strong></span> <span class='ocrx_word' id='word_1_63' title='bbox 429 1485 549 1556; x_wconf 81' lang='lat' dir='ltr'><strong>Quopt&#39;arn</strong></span> <span class='ocrx_word' id='word_1_64' title='bbox 568 1505 601 1538; x_wconf 77' lang='lat' dir='ltr'><strong>es.</strong></span> <span class='ocrx_word' id='word_1_65' title='bbox 617 1486 677 1540; x_wconf 88' lang='lat' dir='ltr'><strong>Dat.</strong></span> <span class='ocrx_word' id='word_1_66' title='bbox 698 1485 742 1538; x_wconf 83' lang='lat' dir='ltr'><strong>Er.</strong></span> <span class='ocrx_word' id='word_1_67' title='bbox 765 1496 817 1544; x_wconf 82' lang='lat' dir='ltr'><strong>ert,</strong></span> <span class='ocrx_word' id='word_1_68' title='bbox 863 1485 1060 1540; x_wconf 81' lang='lat' dir='ltr'><strong>lunaroeabulo</strong></span> <span class='ocrx_word' id='word_1_69' title='bbox 1073 1486 1142 1538; x_wconf 71' lang='lat' dir='ltr'><strong>laodic</strong></span> <span class='ocrx_word' id='word_1_70' title='bbox 1151 1486 1317 1540; x_wconf 67' lang='lat' dir='ltr'><strong>Pammeni</strong></span> <span class='ocrx_word' id='word_1_71' title='bbox 1335 1484 1393 1540; x_wconf 78' lang='lat' dir='ltr'><strong>de-</strong></span> 
     </span>
     <span class='ocr_line' id='line_1_11' title="bbox 311 1564 1394 1636; baseline 0 -18"><span class='ocrx_word' id='word_1_72' title='bbox 311 1579 336 1618; x_wconf 88' lang='lat' dir='ltr'><strong>et</strong></span> <span class='ocrx_word' id='word_1_73' title='bbox 350 1567 400 1616; x_wconf 80' lang='lat' dir='ltr'><strong>lem</strong></span> <span class='ocrx_word' id='word_1_74' title='bbox 415 1583 465 1636; x_wconf 91' lang='lat' dir='ltr'><strong>pro</strong></span> <span class='ocrx_word' id='word_1_75' title='bbox 478 1565 550 1616; x_wconf 71' lang='lat' dir='ltr'><strong>aliern.</strong></span> <span class='ocrx_word' id='word_1_76' title='bbox 863 1577 1009 1630; x_wconf 74' lang='lat' dir='ltr'><strong>monamt,</strong></span> <span class='ocrx_word' id='word_1_77' title='bbox 1028 1584 1083 1618; x_wconf 89' lang='lat' dir='ltr'><strong>non</strong></span> <span class='ocrx_word' id='word_1_78' title='bbox 1105 1564 1153 1618; x_wconf 91' lang='lat' dir='ltr'><strong>diu</strong></span> <span class='ocrx_word' id='word_1_79' title='bbox 1168 1583 1195 1618; x_wconf 81' lang='lat' dir='ltr'><strong>ae</strong></span> <span class='ocrx_word' id='word_1_80' title='bbox 1210 1583 1276 1618; x_wconf 85' lang='lat' dir='ltr'><strong>eum</strong></span> <span class='ocrx_word' id='word_1_81' title='bbox 1296 1566 1394 1618; x_wconf 72' lang='lat' dir='ltr'><strong>milite</strong></span> 
     </span>
     <span class='ocr_line' id='line_1_12' title="bbox 352 1641 1390 1716; baseline -0.002 -18"><span class='ocrx_word' id='word_1_82' title='bbox 352 1645 417 1708; x_wconf 81' lang='grc'>463.</span> <span class='ocrx_word' id='word_1_83' title='bbox 444 1643 509 1696; x_wconf 82' lang='lat' dir='ltr'><strong>Bene</strong></span> <span class='ocrx_word' id='word_1_84' title='bbox 526 1645 618 1711; x_wconf 82' lang='lat' dir='ltr'><strong>secr&#39;str&#39;.</strong></span> <span class='ocrx_word' id='word_1_85' title='bbox 646 1643 733 1696; x_wconf 76' lang='lat' dir='ltr'><strong>Gror.</strong></span> <span class='ocrx_word' id='word_1_86' title='bbox 755 1641 818 1696; x_wconf 88' lang='lat' dir='ltr'><strong>edd.</strong></span> <span class='ocrx_word' id='word_1_87' title='bbox 863 1643 1096 1716; x_wconf 62' lang='lat' dir='ltr'><strong>immemorque</strong></span> <span class='ocrx_word' id='word_1_88' title='bbox 1104 1657 1199 1716; x_wconf 81' lang='lat' dir='ltr'><strong>praeter</strong></span> <span class='ocrx_word' id='word_1_89' title='bbox 1210 1646 1390 1715; x_wconf 75' lang='lat' dir='ltr'><strong>promissum</strong></span> 
     </span>
     <span class='ocr_line' id='line_1_13' title="bbox 310 1721 1391 1794; baseline -0.001 -17"><span class='ocrx_word' id='word_1_90' title='bbox 310 1725 389 1778; x_wconf 77' lang='lat' dir='ltr'><strong>Trea.</strong></span> <span class='ocrx_word' id='word_1_91' title='bbox 411 1721 521 1777; x_wconf 79' lang='lat' dir='ltr'><strong>Mediol.</strong></span> <span class='ocrx_word' id='word_1_92' title='bbox 536 1723 592 1775; x_wconf 84' lang='lat' dir='ltr'><strong>lene</strong></span> <span class='ocrx_word' id='word_1_93' title='bbox 605 1723 649 1794; x_wconf 84' lang='lat' dir='ltr'><strong>pol</strong></span> <span class='ocrx_word' id='word_1_94' title='bbox 668 1725 756 1788; x_wconf 72' lang='lat' dir='ltr'><strong>fecisti.</strong></span> <span class='ocrx_word' id='word_1_95' title='bbox 776 1723 820 1776; x_wconf 89' lang='lat' dir='ltr'><strong>Sic</strong></span> <span class='ocrx_word' id='word_1_96' title='bbox 864 1723 965 1794; x_wconf 85' lang='lat' dir='ltr'><strong>aliquid</strong></span> <span class='ocrx_word' id='word_1_97' title='bbox 976 1725 1314 1786; x_wconf 78' lang='lat' dir='ltr'><strong>facturam.Parmeno,ira</strong></span> <span class='ocrx_word' id='word_1_98' title='bbox 1326 1723 1391 1776; x_wconf 77' lang='lat' dir='ltr'><strong>dis-</strong></span> 
     </span>
     <span class='ocr_line' id='line_1_14' title="bbox 310 1801 1390 1875; baseline -0.001 -18"><span class='ocrx_word' id='word_1_99' title='bbox 310 1819 336 1857; x_wconf 87' lang='lat' dir='ltr'><strong>et</strong></span> <span class='ocrx_word' id='word_1_100' title='bbox 354 1801 396 1858; x_wconf 90' lang='lat' dir='ltr'><strong>ed.</strong></span> <span class='ocrx_word' id='word_1_101' title='bbox 421 1803 518 1874; x_wconf 87' lang='lat' dir='ltr'><strong>Delph.</strong></span> <span class='ocrx_word' id='word_1_102' title='bbox 538 1834 579 1844; x_wconf 97' lang='lat'><em>-</em></span> <span class='ocrx_word' id='word_1_103' title='bbox 598 1803 647 1854; x_wconf 86' lang='lat' dir='ltr'><strong>Pa.</strong></span> <span class='ocrx_word' id='word_1_104' title='bbox 670 1803 748 1872; x_wconf 77' lang='lat' dir='ltr'><strong>Quo?</strong></span> <span class='ocrx_word' id='word_1_105' title='bbox 766 1802 819 1856; x_wconf 85' lang='lat' dir='ltr'><strong>Tar.</strong></span> <span class='ocrx_word' id='word_1_106' title='bbox 863 1802 1060 1858; x_wconf 69' lang='lat' dir='ltr'><strong>simulationem</strong></span> <span class='ocrx_word' id='word_1_107' title='bbox 1084 1804 1260 1875; x_wconf 69' lang='lat' dir='ltr'><strong>compositus,</strong></span> <span class='ocrx_word' id='word_1_108' title='bbox 1279 1803 1390 1856; x_wconf 79' lang='lat' dir='ltr'><strong>iter-ram</strong></span> 
     </span>
     <span class='ocr_line' id='line_1_15' title="bbox 313 1875 1389 1956; baseline 0 -21"><span class='ocrx_word' id='word_1_109' title='bbox 313 1885 383 1956; x_wconf 81' lang='lat' dir='ltr'><strong>Quid</strong></span> <span class='ocrx_word' id='word_1_110' title='bbox 390 1892 405 1934; x_wconf 64' lang='grc' dir='ltr'><em>θ</em></span> <span class='ocrx_word' id='word_1_111' title='bbox 420 1884 481 1936; x_wconf 79' lang='lat' dir='ltr'><strong>lunc</strong></span> <span class='ocrx_word' id='word_1_112' title='bbox 494 1901 541 1934; x_wconf 90' lang='lat' dir='ltr'><strong>non</strong></span> <span class='ocrx_word' id='word_1_113' title='bbox 556 1875 639 1934; x_wconf 74' lang='lat' dir='ltr'><strong>rides?</strong></span> <span class='ocrx_word' id='word_1_114' title='bbox 649 1881 727 1935; x_wconf 87' lang='lat' dir='ltr'><strong>Both.</strong></span> <span class='ocrx_word' id='word_1_115' title='bbox 740 1883 819 1936; x_wconf 79' lang='lat' dir='ltr'><strong>Itum.</strong></span> <span class='ocrx_word' id='word_1_116' title='bbox 863 1881 1018 1955; x_wconf 72' lang='lat' dir='ltr'><strong>interrogat,</strong></span> <span class='ocrx_word' id='word_1_117' title='bbox 1028 1884 1173 1955; x_wconf 59' lang='lat' dir='ltr'><strong>queritura</strong></span> <span class='ocrx_word' id='word_1_118' title='bbox 1181 1902 1219 1937; x_wconf 85' lang='lat' dir='ltr'><strong>ac.</strong></span> <span class='ocrx_word' id='word_1_119' title='bbox 1229 1901 1264 1936; x_wconf 78' lang='lat' dir='ltr'><strong>ea.</strong></span> <span class='ocrx_word' id='word_1_120' title='bbox 1277 1883 1389 1946; x_wconf 71' lang='lat' dir='ltr'><strong>Thais,</strong></span> 
     </span>
    </p>
   </div>
   <div class='ocr_carea' id='block_1_4' title="bbox 310 1960 1490 2042">
    <p class='ocr_par' dir='ltr' id='par_1_7' title="bbox 310 1960 1490 2042">
     <span class='ocr_line' id='line_1_16' title="bbox 310 1960 1490 2042; baseline 0 -26"><span class='ocrx_word' id='word_1_121' title='bbox 310 1963 510 2033; x_wconf 79' lang='lat' dir='ltr'><strong>Pa.()uor’Ta.</strong></span> <span class='ocrx_word' id='word_1_122' title='bbox 524 1961 820 2030; x_wconf 79' lang='lat' dir='ltr'><strong>Quor’lruncnonuidesl</strong></span> <span class='ocrx_word' id='word_1_123' title='bbox 863 1981 917 2014; x_wconf 87' lang='lat' dir='ltr'><strong>nou</strong></span> <span class='ocrx_word' id='word_1_124' title='bbox 932 1962 1087 2018; x_wconf 73' lang='lat' dir='ltr'><strong>exaudiente</strong></span> <span class='ocrx_word' id='word_1_125' title='bbox 1100 1963 1204 2026; x_wconf 85' lang='lat' dir='ltr'><strong>milite,</strong></span> <span class='ocrx_word' id='word_1_126' title='bbox 1218 1960 1391 2032; x_wconf 65' lang='lat' dir='ltr'><strong>(quinem-</strong></span> <span class='ocrx_word' id='word_1_127' title='bbox 1489 2003 1490 2042; x_wconf 69' lang='lat'>1</span> 
     </span>
    </p>
   </div>
   <div class='ocr_carea' id='block_1_5' title="bbox 306 2039 1388 3549">
    <p class='ocr_par' dir='ltr' id='par_1_8' title="bbox 310 2039 1388 2196">
     <span class='ocr_line' id='line_1_17' title="bbox 352 2039 1388 2115; baseline -0.002 -17"><span class='ocrx_word' id='word_1_128' title='bbox 352 2049 418 2109; x_wconf 88' lang='grc'>464.</span> <span class='ocrx_word' id='word_1_129' title='bbox 434 2043 509 2094; x_wconf 82' lang='lat' dir='ltr'><strong>Dona</strong></span> <span class='ocrx_word' id='word_1_130' title='bbox 518 2041 606 2093; x_wconf 73' lang='lat' dir='ltr'><strong>adsunt</strong></span> <span class='ocrx_word' id='word_1_131' title='bbox 617 2039 669 2094; x_wconf 78' lang='lat' dir='ltr'><strong>nbi.</strong></span> <span class='ocrx_word' id='word_1_132' title='bbox 685 2042 735 2094; x_wconf 77' lang='lat' dir='ltr'><strong>tus.</strong></span> <span class='ocrx_word' id='word_1_133' title='bbox 747 2041 819 2111; x_wconf 81' lang='lat' dir='ltr'><strong>Lips.</strong></span> <span class='ocrx_word' id='word_1_134' title='bbox 863 2039 908 2094; x_wconf 92' lang='lat' dir='ltr'><strong>dio</strong></span> <span class='ocrx_word' id='word_1_135' title='bbox 920 2043 988 2096; x_wconf 76' lang='lat' dir='ltr'><strong>nervi</strong></span> <span class='ocrx_word' id='word_1_136' title='bbox 1002 2043 1092 2096; x_wconf 81' lang='lat' dir='ltr'><strong>nivalia</strong></span> <span class='ocrx_word' id='word_1_137' title='bbox 1098 2043 1293 2115; x_wconf 85' lang='lat' dir='ltr'><strong>aliquantulum</strong></span> <span class='ocrx_word' id='word_1_138' title='bbox 1303 2061 1388 2096; x_wconf 81' lang='lat' dir='ltr'><strong>aver·</strong></span> 
     </span>
     <span class='ocr_line' id='line_1_18' title="bbox 310 2111 1386 2196; baseline -0.002 -20"><span class='ocrx_word' id='word_1_139' title='bbox 310 2143 364 2176; x_wconf 91' lang='lat' dir='ltr'><strong>non</strong></span> <span class='ocrx_word' id='word_1_140' title='bbox 374 2123 492 2196; x_wconf 70' lang='lat' dir='ltr'><strong>agnoaeit</strong></span> <span class='ocrx_word' id='word_1_141' title='bbox 502 2122 529 2176; x_wconf 76' lang='grc' dir='ltr'><strong>τὸ</strong></span> <span class='ocrx_word' id='word_1_142' title='bbox 544 2121 596 2174; x_wconf 86' lang='lat' dir='ltr'><strong>tibi.</strong></span> <span class='ocrx_word' id='word_1_143' title='bbox 612 2122 701 2178; x_wconf 80' lang='lat' dir='ltr'><strong>Weet.</strong></span> <span class='ocrx_word' id='word_1_144' title='bbox 864 2111 941 2190; x_wconf 88' lang='lat' dir='ltr'><strong>terat)</strong></span> <span class='ocrx_word' id='word_1_145' title='bbox 954 2121 1028 2196; x_wconf 77' lang='lat' dir='ltr'><strong>qnid,</strong></span> <span class='ocrx_word' id='word_1_146' title='bbox 1042 2121 1144 2193; x_wconf 88' lang='lat' dir='ltr'><strong>inquit,</strong></span> <span class='ocrx_word' id='word_1_147' title='bbox 1160 2123 1312 2192; x_wconf 62' lang='lat' dir='ltr'><strong>interrogas</strong></span> <span class='ocrx_word' id='word_1_148' title='bbox 1323 2157 1331 2180; x_wconf 87' lang='lat'><strong>‚</strong></span> <span class='ocrx_word' id='word_1_149' title='bbox 1343 2141 1386 2176; x_wconf 82' lang='lat' dir='ltr'><strong>arr</strong></span> 
     </span>
    </p>

    <p class='ocr_par' dir='ltr' id='par_1_9' title="bbox 352 2197 1386 2272">
     <span class='ocr_line' id='line_1_19' title="bbox 352 2197 1386 2272; baseline 0 -18"><span class='ocrx_word' id='word_1_150' title='bbox 352 2207 416 2266; x_wconf 89' lang='grc'>466.</span> <span class='ocrx_word' id='word_1_151' title='bbox 442 2203 475 2255; x_wconf 85' lang='lat' dir='ltr'><strong>Ut</strong></span> <span class='ocrx_word' id='word_1_152' title='bbox 485 2201 564 2254; x_wconf 74' lang='lat' dir='ltr'><strong>liceat.</strong></span> <span class='ocrx_word' id='word_1_153' title='bbox 577 2201 622 2254; x_wconf 88' lang='lat' dir='ltr'><strong>Br.</strong></span> <span class='ocrx_word' id='word_1_154' title='bbox 636 2197 711 2254; x_wconf 89' lang='lat' dir='ltr'><strong>addit</strong></span> <span class='ocrx_word' id='word_1_155' title='bbox 722 2200 799 2254; x_wconf 72' lang='lat' dir='ltr'><strong>nobis.</strong></span> <span class='ocrx_word' id='word_1_156' title='bbox 863 2201 926 2253; x_wconf 81' lang='lat' dir='ltr'><strong>ltturc</strong></span> <span class='ocrx_word' id='word_1_157' title='bbox 939 2221 987 2256; x_wconf 87' lang='lat' dir='ltr'><strong>non</strong></span> <span class='ocrx_word' id='word_1_158' title='bbox 1000 2201 1087 2254; x_wconf 62' lang='lat' dir='ltr'><strong>vuar</strong></span> <span class='ocrx_word' id='word_1_159' title='bbox 1100 2220 1180 2272; x_wconf 90' lang='lat' dir='ltr'><strong>quem</strong></span> <span class='ocrx_word' id='word_1_160' title='bbox 1195 2215 1264 2256; x_wconf 85' lang='lat' dir='ltr'><strong>nutu</strong></span> <span class='ocrx_word' id='word_1_161' title='bbox 1283 2201 1386 2254; x_wconf 81' lang='lat' dir='ltr'><strong>oeulo-</strong></span> 
     </span>
    </p>

    <p class='ocr_par' dir='ltr' id='par_1_10' title="bbox 306 2279 1385 3549">
     <span class='ocr_line' id='line_1_20' title="bbox 351 2279 1385 2354; baseline -0.002 -18"><span class='ocrx_word' id='word_1_162' title='bbox 351 2287 405 2354; x_wconf 83' lang='grc'><strong>467</strong></span> <span class='ocrx_word' id='word_1_163' title='bbox 417 2319 425 2344; x_wconf 81' lang='lat'><strong>,</strong></span> <span class='ocrx_word' id='word_1_164' title='bbox 445 2284 511 2346; x_wconf 88' lang='grc'>468.</span> <span class='ocrx_word' id='word_1_165' title='bbox 533 2281 612 2334; x_wconf 85' lang='lat' dir='ltr'><strong>Haud</strong></span> <span class='ocrx_word' id='word_1_166' title='bbox 623 2285 710 2334; x_wconf 77' lang='lat' dir='ltr'><strong>nostru</strong></span> <span class='ocrx_word' id='word_1_167' title='bbox 721 2281 819 2334; x_wconf 80' lang='lat' dir='ltr'><strong>similia.</strong></span> <span class='ocrx_word' id='word_1_168' title='bbox 863 2299 925 2334; x_wconf 89' lang='lat' dir='ltr'><strong>rum</strong></span> <span class='ocrx_word' id='word_1_169' title='bbox 937 2279 1107 2336; x_wconf 73' lang='lat' dir='ltr'><strong>demonstrat.</strong></span> <span class='ocrx_word' id='word_1_170' title='bbox 1119 2279 1222 2353; x_wconf 86' lang='lat' dir='ltr'><strong>Ecquid</strong></span> <span class='ocrx_word' id='word_1_171' title='bbox 1231 2281 1333 2334; x_wconf 72' lang='lat' dir='ltr'><strong>oblitus</strong></span> <span class='ocrx_word' id='word_1_172' title='bbox 1341 2301 1385 2342; x_wconf 75' lang='lat' dir='ltr'><strong>ea.</strong></span> 
     </span>
     <span class='ocr_line' id='line_1_21' title="bbox 309 2359 1384 2430; baseline -0.003 -15"><span class='ocrx_word' id='word_1_173' title='bbox 309 2363 364 2415; x_wconf 80' lang='lat' dir='ltr'><strong>An</strong></span> <span class='ocrx_word' id='word_1_174' title='bbox 379 2362 517 2416; x_wconf 86' lang='lat' dir='ltr'><strong>Perizonio</strong></span> <span class='ocrx_word' id='word_1_175' title='bbox 527 2361 656 2430; x_wconf 75' lang='lat' dir='ltr'>placebat,</span> <span class='ocrx_word' id='word_1_176' title='bbox 668 2361 819 2426; x_wconf 85' lang='lat' dir='ltr'><strong>etFaerno;</strong></span> <span class='ocrx_word' id='word_1_177' title='bbox 863 2359 930 2430; x_wconf 90' lang='lat' dir='ltr'><strong>quid</strong></span> <span class='ocrx_word' id='word_1_178' title='bbox 945 2361 1014 2415; x_wconf 88' lang='lat' dir='ltr'><strong>inter</strong></span> <span class='ocrx_word' id='word_1_179' title='bbox 1026 2381 1079 2430; x_wconf 80' lang='lat' dir='ltr'><strong>noa</strong></span> <span class='ocrx_word' id='word_1_180' title='bbox 1098 2359 1131 2414; x_wconf 91' lang='lat' dir='ltr'><strong>de</strong></span> <span class='ocrx_word' id='word_1_181' title='bbox 1147 2362 1200 2414; x_wconf 88' lang='lat' dir='ltr'><strong>hoc</strong></span> <span class='ocrx_word' id='word_1_182' title='bbox 1215 2373 1306 2414; x_wconf 86' lang='lat' dir='ltr'><strong>actum</strong></span> <span class='ocrx_word' id='word_1_183' title='bbox 1324 2361 1384 2414; x_wconf 80' lang='lat' dir='ltr'><strong>ait?</strong></span> 
     </span>
     <span class='ocr_line' id='line_1_22' title="bbox 309 2437 1382 2514; baseline -0.003 -18"><span class='ocrx_word' id='word_1_184' title='bbox 309 2441 356 2514; x_wconf 92' lang='lat' dir='ltr'><strong>qui</strong></span> <span class='ocrx_word' id='word_1_185' title='bbox 379 2442 479 2496; x_wconf 79' lang='lat' dir='ltr'><strong>ironice</strong></span> <span class='ocrx_word' id='word_1_186' title='bbox 502 2439 642 2510; x_wconf 87' lang='lat' dir='ltr'><strong>accipiunt.</strong></span> <span class='ocrx_word' id='word_1_187' title='bbox 666 2437 819 2493; x_wconf 73' lang='lat' dir='ltr'><strong>Notandum</strong></span> <span class='ocrx_word' id='word_1_188' title='bbox 862 2439 993 2493; x_wconf 76' lang='lat' dir='ltr'><strong>Parmeno</strong></span> <span class='ocrx_word' id='word_1_189' title='bbox 1016 2439 1109 2492; x_wconf 90' lang='lat' dir='ltr'><strong>itidem</strong></span> <span class='ocrx_word' id='word_1_190' title='bbox 1135 2441 1295 2494; x_wconf 77' lang='lat' dir='ltr'><strong>conscientia</strong></span> <span class='ocrx_word' id='word_1_191' title='bbox 1320 2441 1382 2506; x_wconf 85' lang='lat' dir='ltr'><strong>rei,</strong></span> 
     </span>
     <span class='ocr_line' id='line_1_23' title="bbox 309 2517 1382 2592; baseline -0.003 -18"><span class='ocrx_word' id='word_1_192' title='bbox 309 2534 348 2574; x_wconf 80' lang='lat' dir='ltr'><strong>est</strong></span> <span class='ocrx_word' id='word_1_193' title='bbox 368 2521 549 2592; x_wconf 79' lang='lat' dir='ltr'><strong>antiquitatem</strong></span> <span class='ocrx_word' id='word_1_194' title='bbox 569 2520 656 2573; x_wconf 87' lang='lat' dir='ltr'><strong>littera</strong></span> <span class='ocrx_word' id='word_1_195' title='bbox 681 2521 697 2570; x_wconf 77' lang='grc'>6</span> <span class='ocrx_word' id='word_1_196' title='bbox 720 2537 818 2574; x_wconf 87' lang='lat' dir='ltr'><strong>carere.</strong></span> <span class='ocrx_word' id='word_1_197' title='bbox 862 2517 1382 2592; x_wconf 57' lang='lat' dir='ltr'><strong>familiarinsnubmissetamenrespnn-</strong></span> 
     </span>
     <span class='ocr_line' id='line_1_24' title="bbox 310 2596 1381 2662; baseline 0 -10"><span class='ocrx_word' id='word_1_198' title='bbox 310 2601 421 2653; x_wconf 67' lang='lat' dir='ltr'><strong>Pert-</strong></span> <span class='ocrx_word' id='word_1_199' title='bbox 430 2599 514 2652; x_wconf 80' lang='lat' dir='ltr'><strong>Dona.</strong></span> <span class='ocrx_word' id='word_1_200' title='bbox 526 2598 666 2652; x_wconf 85' lang='lat' dir='ltr'><strong>Invenitur</strong></span> <span class='ocrx_word' id='word_1_201' title='bbox 676 2600 755 2652; x_wconf 88' lang='lat' dir='ltr'><strong>etiam</strong></span> <span class='ocrx_word' id='word_1_202' title='bbox 766 2619 818 2652; x_wconf 82' lang='lat' dir='ltr'><strong>nru-</strong></span> <span class='ocrx_word' id='word_1_203' title='bbox 863 2596 924 2652; x_wconf 86' lang='lat' dir='ltr'><strong>det:</strong></span> <span class='ocrx_word' id='word_1_204' title='bbox 933 2601 1005 2652; x_wconf 75' lang='lat' dir='ltr'><strong>‘ur&#39;rieo</strong></span> <span class='ocrx_word' id='word_1_205' title='bbox 1017 2611 1043 2652; x_wconf 81' lang='lat' dir='ltr'><strong>et</strong></span> <span class='ocrx_word' id='word_1_206' title='bbox 1051 2620 1087 2652; x_wconf 76' lang='lat' dir='ltr'><strong>nu</strong></span> <span class='ocrx_word' id='word_1_207' title='bbox 1101 2599 1185 2662; x_wconf 76' lang='lat' dir='ltr'><strong>tardet,</strong></span> <span class='ocrx_word' id='word_1_208' title='bbox 1194 2612 1224 2652; x_wconf 91' lang='lat' dir='ltr'><strong>ut</strong></span> <span class='ocrx_word' id='word_1_209' title='bbox 1234 2601 1381 2652; x_wconf 65' lang='lat' dir='ltr'><strong>exaltem</strong></span> 
     </span>
     <span class='ocr_line' id='line_1_25' title="bbox 309 2677 1381 2751; baseline 0 -20"><span class='ocrx_word' id='word_1_210' title='bbox 309 2700 368 2732; x_wconf 82' lang='lat' dir='ltr'><strong>nera</strong></span> <span class='ocrx_word' id='word_1_211' title='bbox 388 2681 416 2732; x_wconf 90' lang='lat' dir='ltr'><strong>in</strong></span> <span class='ocrx_word' id='word_1_212' title='bbox 438 2679 542 2750; x_wconf 77' lang='lat' dir='ltr'><strong>scriptis</strong></span> <span class='ocrx_word' id='word_1_213' title='bbox 560 2679 766 2746; x_wconf 79' lang='lat' dir='ltr'><strong>exemplaribus.</strong></span> <span class='ocrx_word' id='word_1_214' title='bbox 779 2711 819 2722; x_wconf 89' lang='lat'><em>-</em></span> <span class='ocrx_word' id='word_1_215' title='bbox 861 2677 921 2730; x_wconf 90' lang='lat' dir='ltr'><strong>heri</strong></span> <span class='ocrx_word' id='word_1_216' title='bbox 939 2679 979 2732; x_wconf 80' lang='lat' dir='ltr'><strong>aui</strong></span> <span class='ocrx_word' id='word_1_217' title='bbox 999 2677 1128 2734; x_wconf 73' lang='lat' dir='ltr'><strong>Phaedria·</strong></span> <span class='ocrx_word' id='word_1_218' title='bbox 1149 2680 1282 2751; x_wconf 91' lang='lat' dir='ltr'><strong>loquatur.</strong></span> <span class='ocrx_word' id='word_1_219' title='bbox 1311 2679 1381 2732; x_wconf 75' lang='lat' dir='ltr'><strong>Mox</strong></span> 
     </span>
     <span class='ocr_line' id='line_1_26' title="bbox 308 2757 1380 2831; baseline 0 -19"><span class='ocrx_word' id='word_1_220' title='bbox 308 2759 418 2831; x_wconf 84' lang='lat' dir='ltr'><strong>Optime</strong></span> <span class='ocrx_word' id='word_1_221' title='bbox 436 2771 521 2812; x_wconf 91' lang='lat' dir='ltr'><strong>totum</strong></span> <span class='ocrx_word' id='word_1_222' title='bbox 532 2757 604 2810; x_wconf 90' lang='lat' dir='ltr'><strong>hunc</strong></span> <span class='ocrx_word' id='word_1_223' title='bbox 625 2757 759 2830; x_wconf 82' lang='lat' dir='ltr'><strong>dialogum</strong></span> <span class='ocrx_word' id='word_1_224' title='bbox 774 2777 818 2811; x_wconf 86' lang='lat' dir='ltr'><strong>ex·</strong></span> <span class='ocrx_word' id='word_1_225' title='bbox 862 2758 973 2824; x_wconf 83' lang='lat' dir='ltr'><strong>clarina,</strong></span> <span class='ocrx_word' id='word_1_226' title='bbox 985 2772 1016 2812; x_wconf 94' lang='lat' dir='ltr'><strong>ut</strong></span> <span class='ocrx_word' id='word_1_227' title='bbox 1030 2760 1077 2830; x_wconf 88' lang='lat' dir='ltr'><strong>qui</strong></span> <span class='ocrx_word' id='word_1_228' title='bbox 1092 2757 1180 2812; x_wconf 87' lang='lat' dir='ltr'><strong>audiri</strong></span> <span class='ocrx_word' id='word_1_229' title='bbox 1194 2777 1208 2810; x_wconf 88' lang='lat' dir='ltr'><strong>a</strong></span> <span class='ocrx_word' id='word_1_230' title='bbox 1224 2759 1310 2811; x_wconf 85' lang='lat' dir='ltr'><strong>milite</strong></span> <span class='ocrx_word' id='word_1_231' title='bbox 1324 2760 1380 2812; x_wconf 82' lang='lat' dir='ltr'><strong>hoe</strong></span> 
     </span>
     <span class='ocr_line' id='line_1_27' title="bbox 309 2837 1378 2912; baseline -0.006 -18"><span class='ocrx_word' id='word_1_232' title='bbox 309 2839 383 2912; x_wconf 84' lang='lat' dir='ltr'><strong>pedit</strong></span> <span class='ocrx_word' id='word_1_233' title='bbox 400 2839 548 2904; x_wconf 82' lang='lat' dir='ltr'><strong>Boeclerua,</strong></span> <span class='ocrx_word' id='word_1_234' title='bbox 568 2850 595 2889; x_wconf 92' lang='lat' dir='ltr'><strong>et</strong></span> <span class='ocrx_word' id='word_1_235' title='bbox 607 2838 674 2890; x_wconf 92' lang='lat' dir='ltr'><strong>nihil</strong></span> <span class='ocrx_word' id='word_1_236' title='bbox 686 2837 767 2890; x_wconf 80' lang='lat' dir='ltr'><strong>satius</strong></span> <span class='ocrx_word' id='word_1_237' title='bbox 779 2850 819 2890; x_wconf 85' lang='lat' dir='ltr'><strong>eat</strong></span> <span class='ocrx_word' id='word_1_238' title='bbox 862 2837 942 2892; x_wconf 82' lang='lat' dir='ltr'><strong>vellet</strong></span> <span class='ocrx_word' id='word_1_239' title='bbox 958 2855 964 2890; x_wconf 89' lang='lat'>:</span> <span class='ocrx_word' id='word_1_240' title='bbox 983 2838 1032 2892; x_wconf 74' lang='lat' dir='ltr'><strong>Uti</strong></span> <span class='ocrx_word' id='word_1_241' title='bbox 1044 2845 1099 2902; x_wconf 80' lang='lat' dir='ltr'><strong>vir,</strong></span> <span class='ocrx_word' id='word_1_242' title='bbox 1120 2839 1185 2892; x_wconf 85' lang='lat' dir='ltr'><strong>dona</strong></span> <span class='ocrx_word' id='word_1_243' title='bbox 1198 2838 1286 2892; x_wconf 77' lang='lat' dir='ltr'><strong>adsunt</strong></span> <span class='ocrx_word' id='word_1_244' title='bbox 1301 2839 1349 2890; x_wconf 76' lang='lat' dir='ltr'><strong>ubi</strong></span> <span class='ocrx_word' id='word_1_245' title='bbox 1359 2857 1378 2888; x_wconf 82' lang='lat' dir='ltr'><strong>a</strong></span> 
     </span>
     <span class='ocr_line' id='line_1_28' title="bbox 308 2917 1378 2992; baseline 0.001 -21"><span class='ocrx_word' id='word_1_246' title='bbox 308 2939 387 2990; x_wconf 88' lang='lat' dir='ltr'><strong>quam</strong></span> <span class='ocrx_word' id='word_1_247' title='bbox 399 2937 429 2972; x_wconf 86' lang='lat' dir='ltr'><strong>ea</strong></span> <span class='ocrx_word' id='word_1_248' title='bbox 443 2919 541 2972; x_wconf 85' lang='lat' dir='ltr'><strong>referre</strong></span> <span class='ocrx_word' id='word_1_249' title='bbox 550 2937 609 2992; x_wconf 72' lang='lat' dir='ltr'><strong>qun</strong></span> <span class='ocrx_word' id='word_1_250' title='bbox 619 2917 699 2972; x_wconf 84' lang='lat' dir='ltr'><strong>dixit:</strong></span> <span class='ocrx_word' id='word_1_251' title='bbox 715 2917 818 2972; x_wconf 78' lang='lat' dir='ltr'><strong>-Tlrnia</strong></span> <span class='ocrx_word' id='word_1_252' title='bbox 861 2917 986 2970; x_wconf 82' lang='lat' dir='ltr'><strong>Plroedrr&#39;a.</strong></span> <span class='ocrx_word' id='word_1_253' title='bbox 1002 2919 1096 2990; x_wconf 88' lang='lat' dir='ltr'><strong>ltaque</strong></span> <span class='ocrx_word' id='word_1_254' title='bbox 1113 2919 1188 2972; x_wconf 77' lang='lat' dir='ltr'><strong>mileu</strong></span> <span class='ocrx_word' id='word_1_255' title='bbox 1202 2919 1315 2988; x_wconf 67' lang='lat' dir='ltr'><strong>capies</strong></span> <span class='ocrx_word' id='word_1_256' title='bbox 1328 2919 1378 2972; x_wconf 82' lang='lat' dir='ltr'><strong>ab·</strong></span> 
     </span>
     <span class='ocr_line' id='line_1_29' title="bbox 307 2994 1376 3068; baseline -0.001 -17"><span class='ocrx_word' id='word_1_257' title='bbox 307 2998 342 3052; x_wconf 92' lang='lat' dir='ltr'><strong>ad</strong></span> <span class='ocrx_word' id='word_1_258' title='bbox 356 3001 550 3054; x_wconf 85' lang='lat' dir='ltr'><strong>Parmenonem</strong></span> <span class='ocrx_word' id='word_1_259' title='bbox 569 2997 736 3052; x_wconf 85' lang='lat' dir='ltr'><strong>accedentem</strong></span> <span class='ocrx_word' id='word_1_260' title='bbox 750 3015 817 3068; x_wconf 88' lang='lat' dir='ltr'><strong>quo·</strong></span> <span class='ocrx_word' id='word_1_261' title='bbox 862 2994 959 3050; x_wconf 87' lang='lat' dir='ltr'><strong>ducere</strong></span> <span class='ocrx_word' id='word_1_262' title='bbox 975 2997 1106 3052; x_wconf 83' lang='lat' dir='ltr'><strong>Thaidem</strong></span> <span class='ocrx_word' id='word_1_263' title='bbox 1131 3017 1146 3052; x_wconf 88' lang='lat' dir='ltr'><strong>a</strong></span> <span class='ocrx_word' id='word_1_264' title='bbox 1168 3017 1244 3050; x_wconf 84' lang='lat' dir='ltr'><strong>aervo</strong></span> <span class='ocrx_word' id='word_1_265' title='bbox 1267 2997 1376 3062; x_wconf 79' lang='lat' dir='ltr'><strong>nivalia,</strong></span> 
     </span>
     <span class='ocr_line' id='line_1_30' title="bbox 308 3073 1375 3149; baseline 0.001 -19"><span class='ocrx_word' id='word_1_266' title='bbox 308 3077 369 3131; x_wconf 89' lang='lat' dir='ltr'><strong>darn</strong></span> <span class='ocrx_word' id='word_1_267' title='bbox 380 3077 461 3131; x_wconf 89' lang='lat' dir='ltr'><strong>modo</strong></span> <span class='ocrx_word' id='word_1_268' title='bbox 470 3097 594 3136; x_wconf 69' lang='lat' dir='ltr'><strong>conversa</strong></span> <span class='ocrx_word' id='word_1_269' title='bbox 601 3078 727 3149; x_wconf 86' lang='lat' dir='ltr'><strong>propius,</strong></span> <span class='ocrx_word' id='word_1_270' title='bbox 738 3077 819 3128; x_wconf 89' lang='lat' dir='ltr'><strong>inter·</strong></span> <span class='ocrx_word' id='word_1_271' title='bbox 861 3073 984 3147; x_wconf 86' lang='lat' dir='ltr'><strong>donaque</strong></span> <span class='ocrx_word' id='word_1_272' title='bbox 1007 3097 1041 3129; x_wconf 90' lang='lat' dir='ltr'><strong>ne</strong></span> <span class='ocrx_word' id='word_1_273' title='bbox 1062 3077 1229 3132; x_wconf 75' lang='lat' dir='ltr'><strong>traderentur</strong></span> <span class='ocrx_word' id='word_1_274' title='bbox 1247 3077 1375 3132; x_wconf 78' lang='lat' dir='ltr'><strong>efficere.</strong></span> 
     </span>
     <span class='ocr_line' id='line_1_31' title="bbox 308 3149 1376 3230; baseline -0.008 -18"><span class='ocrx_word' id='word_1_275' title='bbox 308 3159 409 3230; x_wconf 84' lang='lat' dir='ltr'><strong>roganti</strong></span> <span class='ocrx_word' id='word_1_276' title='bbox 427 3159 569 3230; x_wconf 87' lang='lat' dir='ltr'><strong>respondet</strong></span> <span class='ocrx_word' id='word_1_277' title='bbox 587 3155 699 3212; x_wconf 84' lang='lat' dir='ltr'><strong>blande,</strong></span> <span class='ocrx_word' id='word_1_278' title='bbox 725 3153 763 3208; x_wconf 87' lang='lat' dir='ltr'><strong>id&#39;</strong></span> <span class='ocrx_word' id='word_1_279' title='bbox 779 3170 818 3208; x_wconf 82' lang='lat' dir='ltr'><strong>est</strong></span> <span class='ocrx_word' id='word_1_280' title='bbox 861 3170 936 3226; x_wconf 78' lang='lat' dir='ltr'><strong>urget</strong></span> <span class='ocrx_word' id='word_1_281' title='bbox 945 3155 1075 3210; x_wconf 87' lang='lat' dir='ltr'><strong>Thaidem</strong></span> <span class='ocrx_word' id='word_1_282' title='bbox 1088 3170 1118 3210; x_wconf 91' lang='lat' dir='ltr'><strong>ut</strong></span> <span class='ocrx_word' id='word_1_283' title='bbox 1128 3170 1183 3222; x_wconf 86' lang='lat' dir='ltr'><strong>eat,</strong></span> <span class='ocrx_word' id='word_1_284' title='bbox 1194 3156 1255 3228; x_wconf 84' lang='lat' dir='ltr'><strong>quid</strong></span> <span class='ocrx_word' id='word_1_285' title='bbox 1264 3149 1376 3210; x_wconf 78' lang='lat' dir='ltr'><strong>aerianus?</strong></span> 
     </span>
     <span class='ocr_line' id='line_1_32' title="bbox 308 3231 1375 3308; baseline -0.003 -17"><span class='ocrx_word' id='word_1_286' title='bbox 308 3259 381 3292; x_wconf 90' lang='lat' dir='ltr'><strong>more</strong></span> <span class='ocrx_word' id='word_1_287' title='bbox 395 3239 560 3304; x_wconf 89' lang='lat' dir='ltr'><strong>meretricio,</strong></span> <span class='ocrx_word' id='word_1_288' title='bbox 581 3237 707 3308; x_wconf 84' lang='lat' dir='ltr'><strong>gratulata</strong></span> <span class='ocrx_word' id='word_1_289' title='bbox 717 3234 817 3288; x_wconf 86' lang='lat' dir='ltr'><strong>adven·</strong></span> <span class='ocrx_word' id='word_1_290' title='bbox 861 3255 961 3288; x_wconf 76' lang='lat' dir='ltr'><strong>cernon</strong></span> <span class='ocrx_word' id='word_1_291' title='bbox 972 3239 1031 3288; x_wconf 80' lang='lat' dir='ltr'><strong>imus</strong></span> <span class='ocrx_word' id='word_1_292' title='bbox 1041 3231 1115 3290; x_wconf 76' lang='lat' dir='ltr'><strong>laiac?</strong></span> <span class='ocrx_word' id='word_1_293' title='bbox 1126 3237 1161 3289; x_wconf 88' lang='lat' dir='ltr'><strong>Et</strong></span> <span class='ocrx_word' id='word_1_294' title='bbox 1172 3255 1252 3288; x_wconf 84' lang='lat' dir='ltr'><strong>morae</strong></span> <span class='ocrx_word' id='word_1_295' title='bbox 1263 3276 1271 3300; x_wconf 97' lang='lat'><strong>,</strong></span> <span class='ocrx_word' id='word_1_296' title='bbox 1281 3249 1308 3288; x_wconf 85' lang='lat' dir='ltr'><strong>et</strong></span> <span class='ocrx_word' id='word_1_297' title='bbox 1320 3237 1375 3289; x_wconf 87' lang='lat' dir='ltr'><strong>loci</strong></span> 
     </span>
     <span class='ocr_line' id='line_1_33' title="bbox 309 3313 1374 3390; baseline -0.004 -17"><span class='ocrx_word' id='word_1_298' title='bbox 309 3333 365 3373; x_wconf 87' lang='lat' dir='ltr'><strong>tum</strong></span> <span class='ocrx_word' id='word_1_299' title='bbox 376 3333 614 3390; x_wconf 77' lang='lat' dir='ltr'><strong>conspectumque,</strong></span> <span class='ocrx_word' id='word_1_300' title='bbox 624 3317 701 3368; x_wconf 83' lang='lat' dir='ltr'><strong>Elem</strong></span> <span class='ocrx_word' id='word_1_301' title='bbox 715 3317 816 3367; x_wconf 81' lang='lat' dir='ltr'><strong>Parme-</strong></span> <span class='ocrx_word' id='word_1_302' title='bbox 860 3315 983 3377; x_wconf 69' lang='lat' dir='ltr'><strong>tedium,</strong></span> <span class='ocrx_word' id='word_1_303' title='bbox 997 3317 1043 3368; x_wconf 91' lang='lat' dir='ltr'><strong>ubi</strong></span> <span class='ocrx_word' id='word_1_304' title='bbox 1057 3335 1146 3368; x_wconf 79' lang='lat' dir='ltr'><strong>serane</strong></span> <span class='ocrx_word' id='word_1_305' title='bbox 1158 3316 1246 3368; x_wconf 83' lang='lat' dir='ltr'><strong>rivalia</strong></span> <span class='ocrx_word' id='word_1_306' title='bbox 1257 3313 1374 3380; x_wconf 73' lang='lat' dir='ltr'><strong>aderrat,</strong></span> 
     </span>
     <span class='ocr_line' id='line_1_34' title="bbox 307 3393 1375 3467; baseline -0.004 -15"><span class='ocrx_word' id='word_1_307' title='bbox 307 3420 345 3460; x_wconf 87' lang='lat' dir='ltr'><strong>no,</strong></span> <span class='ocrx_word' id='word_1_308' title='bbox 361 3399 520 3466; x_wconf 78' lang='lat' dir='ltr'><strong>benefecisti,</strong></span> <span class='ocrx_word' id='word_1_309' title='bbox 538 3417 573 3453; x_wconf 80' lang='lat' dir='ltr'><strong>sc.</strong></span> <span class='ocrx_word' id='word_1_310' title='bbox 586 3395 660 3467; x_wconf 90' lang='lat' dir='ltr'><strong>quod</strong></span> <span class='ocrx_word' id='word_1_311' title='bbox 670 3393 815 3462; x_wconf 86' lang='lat' dir='ltr'><strong>adveniati;</strong></span> <span class='ocrx_word' id='word_1_312' title='bbox 860 3396 903 3448; x_wconf 90' lang='lat' dir='ltr'><strong>cni</strong></span> <span class='ocrx_word' id='word_1_313' title='bbox 918 3395 1000 3448; x_wconf 86' lang='lat' dir='ltr'><strong>Thaia</strong></span> <span class='ocrx_word' id='word_1_314' title='bbox 1018 3397 1192 3456; x_wconf 79' lang='lat' dir='ltr'><strong>auscultaret,</strong></span> <span class='ocrx_word' id='word_1_315' title='bbox 1206 3397 1287 3448; x_wconf 83' lang='lat' dir='ltr'><strong>verba</strong></span> <span class='ocrx_word' id='word_1_316' title='bbox 1303 3414 1375 3466; x_wconf 78' lang='lat' dir='ltr'><strong>prar-</strong></span> 
     </span>
     <span class='ocr_line' id='line_1_35' title="bbox 306 3474 1376 3549; baseline -0.003 -18"><span class='ocrx_word' id='word_1_317' title='bbox 306 3481 328 3532; x_wconf 83' lang='lat' dir='ltr'><strong>ai</strong></span> <span class='ocrx_word' id='word_1_318' title='bbox 351 3479 420 3531; x_wconf 89' lang='lat' dir='ltr'><strong>enirn</strong></span> <span class='ocrx_word' id='word_1_319' title='bbox 442 3478 581 3549; x_wconf 85' lang='lat' dir='ltr'><strong>paululum</strong></span> <span class='ocrx_word' id='word_1_320' title='bbox 606 3493 743 3538; x_wconf 70' lang='lat' dir='ltr'><strong>cessasses,</strong></span> <span class='ocrx_word' id='word_1_321' title='bbox 760 3494 815 3528; x_wconf 89' lang='lat' dir='ltr'><strong>non</strong></span> <span class='ocrx_word' id='word_1_322' title='bbox 859 3474 1290 3529; x_wconf 70' lang='lat' dir='ltr'><strong>tenantfficoccasiol’armenoni</strong></span> <span class='ocrx_word' id='word_1_323' title='bbox 1299 3475 1376 3528; x_wconf 86' lang='lat' dir='ltr'><strong>obla·</strong></span> 
     </span>
    </p>
   </div>
   <div class='ocr_carea' id='block_1_6' title="bbox 306 3553 1487 3629">
    <p class='ocr_par' dir='ltr' id='par_1_11' title="bbox 306 3553 1487 3629">
     <span class='ocr_line' id='line_1_36' title="bbox 306 3553 1487 3629; baseline -0.001 -18"><span class='ocrx_word' id='word_1_324' title='bbox 306 3559 447 3629; x_wconf 73' lang='lat' dir='ltr'><strong>reperisses</strong></span> <span class='ocrx_word' id='word_1_325' title='bbox 456 3576 498 3610; x_wconf 88' lang='lat' dir='ltr'><strong>me</strong></span> <span class='ocrx_word' id='word_1_326' title='bbox 510 3556 594 3610; x_wconf 88' lang='lat' dir='ltr'><strong>domi.</strong></span> <span class='ocrx_word' id='word_1_327' title='bbox 604 3587 644 3597; x_wconf 92' lang='lat'><strong>--</strong></span> <span class='ocrx_word' id='word_1_328' title='bbox 653 3555 733 3607; x_wconf 78' lang='lat' dir='ltr'><strong>Hodie</strong></span> <span class='ocrx_word' id='word_1_329' title='bbox 743 3558 813 3608; x_wconf 81' lang='lat' dir='ltr'><strong>itura.</strong></span> <span class='ocrx_word' id='word_1_330' title='bbox 860 3567 896 3620; x_wconf 88' lang='lat' dir='ltr'><strong>ta,</strong></span> <span class='ocrx_word' id='word_1_331' title='bbox 906 3575 960 3606; x_wconf 92' lang='lat' dir='ltr'><strong>non</strong></span> <span class='ocrx_word' id='word_1_332' title='bbox 973 3557 1028 3608; x_wconf 82' lang='lat' dir='ltr'><strong>sine</strong></span> <span class='ocrx_word' id='word_1_333' title='bbox 1039 3555 1143 3610; x_wconf 85' lang='lat' dir='ltr'><strong>occulta</strong></span> <span class='ocrx_word' id='word_1_334' title='bbox 1155 3557 1262 3626; x_wconf 73' lang='lat' dir='ltr'><strong>ripuariq</strong></span> <span class='ocrx_word' id='word_1_335' title='bbox 1275 3553 1375 3625; x_wconf 78' lang='lat' dir='ltr'><strong>depre-</strong></span> <span class='ocrx_word' id='word_1_336' title='bbox 1486 3609 1487 3620; x_wconf 61' lang='grc'>,</span> 
     </span>
    </p>
   </div>
   <div class='ocr_carea' id='block_1_7' title="bbox 304 3633 1374 4104">
    <p class='ocr_par' dir='ltr' id='par_1_12' title="bbox 304 3633 1374 4104">
     <span class='ocr_line' id='line_1_37' title="bbox 306 3633 1374 3710; baseline -0.003 -19"><span class='ocrx_word' id='word_1_337' title='bbox 306 3639 375 3691; x_wconf 89' lang='lat' dir='ltr'><strong>Nam</strong></span> <span class='ocrx_word' id='word_1_338' title='bbox 385 3635 458 3710; x_wconf 90' lang='lat' dir='ltr'><strong>quod</strong></span> <span class='ocrx_word' id='word_1_339' title='bbox 470 3655 513 3690; x_wconf 88' lang='lat' dir='ltr'><strong>me</strong></span> <span class='ocrx_word' id='word_1_340' title='bbox 529 3639 693 3706; x_wconf 73' lang='lat' dir='ltr'><strong>interrogas,</strong></span> <span class='ocrx_word' id='word_1_341' title='bbox 710 3635 815 3688; x_wconf 90' lang='lat' dir='ltr'><strong>iturane</strong></span> <span class='ocrx_word' id='word_1_342' title='bbox 858 3633 936 3688; x_wconf 89' lang='lat' dir='ltr'><strong>candi</strong></span> <span class='ocrx_word' id='word_1_343' title='bbox 945 3635 1071 3700; x_wconf 89' lang='lat' dir='ltr'><strong>militem,</strong></span> <span class='ocrx_word' id='word_1_344' title='bbox 1082 3635 1259 3706; x_wconf 87' lang='lat' dir='ltr'><strong>nepaululam</strong></span> <span class='ocrx_word' id='word_1_345' title='bbox 1268 3653 1374 3688; x_wconf 80' lang='lat' dir='ltr'><strong>moram</strong></span> 
     </span>
     <span class='ocr_line' id='line_1_38' title="bbox 306 3711 1374 3790; baseline -0.005 -18"><span class='ocrx_word' id='word_1_346' title='bbox 306 3719 433 3790; x_wconf 87' lang='lat' dir='ltr'><strong>quopiam</strong></span> <span class='ocrx_word' id='word_1_347' title='bbox 455 3717 528 3782; x_wconf 79' lang='lat' dir='ltr'><strong>aim,</strong></span> <span class='ocrx_word' id='word_1_348' title='bbox 551 3717 602 3772; x_wconf 88' lang='lat' dir='ltr'><strong>hoc</strong></span> <span class='ocrx_word' id='word_1_349' title='bbox 632 3713 742 3786; x_wconf 86' lang='lat' dir='ltr'><strong>quidem</strong></span> <span class='ocrx_word' id='word_1_350' title='bbox 769 3711 813 3766; x_wconf 86' lang='lat' dir='ltr'><strong>die</strong></span> <span class='ocrx_word' id='word_1_351' title='bbox 859 3733 925 3785; x_wconf 65' lang='lat' dir='ltr'><strong>agre</strong></span> <span class='ocrx_word' id='word_1_352' title='bbox 946 3715 1041 3780; x_wconf 78' lang='lat' dir='ltr'><strong>ferret,</strong></span> <span class='ocrx_word' id='word_1_353' title='bbox 1065 3713 1130 3767; x_wconf 89' lang='lat' dir='ltr'><strong>dum</strong></span> <span class='ocrx_word' id='word_1_354' title='bbox 1150 3713 1220 3768; x_wconf 88' lang='lat' dir='ltr'><strong>dona</strong></span> <span class='ocrx_word' id='word_1_355' title='bbox 1241 3711 1374 3767; x_wconf 73' lang='lat' dir='ltr'><strong>Phaedria</strong></span> 
     </span>
     <span class='ocr_line' id='line_1_39' title="bbox 307 3791 1372 3870; baseline -0.004 -20"><span class='ocrx_word' id='word_1_356' title='bbox 307 3797 426 3870; x_wconf 80' lang='lat' dir='ltr'><strong>egrediar</strong></span> <span class='ocrx_word' id='word_1_357' title='bbox 440 3794 531 3850; x_wconf 88' lang='lat' dir='ltr'><strong>domo.</strong></span> <span class='ocrx_word' id='word_1_358' title='bbox 559 3798 626 3862; x_wconf 81' lang='lat' dir='ltr'><strong>Quae</strong></span> <span class='ocrx_word' id='word_1_359' title='bbox 645 3813 728 3867; x_wconf 90' lang='lat' dir='ltr'><strong>quum</strong></span> <span class='ocrx_word' id='word_1_360' title='bbox 747 3791 814 3846; x_wconf 90' lang='lat' dir='ltr'><strong>dicit</strong></span> <span class='ocrx_word' id='word_1_361' title='bbox 858 3793 1027 3848; x_wconf 80' lang='lat' dir='ltr'><strong>traderentur</strong></span> <span class='ocrx_word' id='word_1_362' title='bbox 1038 3793 1145 3848; x_wconf 88' lang='lat' dir='ltr'><strong>Thaidi.</strong></span> <span class='ocrx_word' id='word_1_363' title='bbox 1157 3795 1216 3861; x_wconf 88' lang='lat' dir='ltr'><strong>Qua</strong></span> <span class='ocrx_word' id='word_1_364' title='bbox 1231 3795 1257 3846; x_wconf 88' lang='lat' dir='ltr'><strong>in</strong></span> <span class='ocrx_word' id='word_1_365' title='bbox 1270 3812 1300 3846; x_wconf 88' lang='lat' dir='ltr'><strong>re</strong></span> <span class='ocrx_word' id='word_1_366' title='bbox 1315 3813 1372 3846; x_wconf 92' lang='lat' dir='ltr'><strong>non</strong></span> 
     </span>
     <span class='ocr_line' id='line_1_40' title="bbox 306 3874 1372 3948; baseline -0.005 -17"><span class='ocrx_word' id='word_1_367' title='bbox 306 3877 400 3940; x_wconf 73' lang='lat' dir='ltr'><strong>Thais,</strong></span> <span class='ocrx_word' id='word_1_368' title='bbox 413 3890 439 3930; x_wconf 88' lang='lat' dir='ltr'><strong>et</strong></span> <span class='ocrx_word' id='word_1_369' title='bbox 451 3878 575 3930; x_wconf 85' lang='lat' dir='ltr'><strong>comitate</strong></span> <span class='ocrx_word' id='word_1_370' title='bbox 588 3888 677 3948; x_wconf 85' lang='lat' dir='ltr'><strong>aperta</strong></span> <span class='ocrx_word' id='word_1_371' title='bbox 690 3893 751 3946; x_wconf 77' lang='lat' dir='ltr'><strong>erga</strong></span> <span class='ocrx_word' id='word_1_372' title='bbox 762 3891 814 3926; x_wconf 88' lang='lat' dir='ltr'><strong>aer·</strong></span> <span class='ocrx_word' id='word_1_373' title='bbox 858 3875 1037 3934; x_wconf 76' lang='lat' dir='ltr'><strong>tamvoluntas</strong></span> <span class='ocrx_word' id='word_1_374' title='bbox 1045 3874 1220 3946; x_wconf 78' lang='lat' dir='ltr'><strong>militiaquam</strong></span> <span class='ocrx_word' id='word_1_375' title='bbox 1229 3875 1372 3944; x_wconf 64' lang='lat' dir='ltr'><strong>presentia</strong></span> 
     </span>
     <span class='ocr_line' id='line_1_41' title="bbox 305 3953 1371 4025; baseline -0.004 -17"><span class='ocrx_word' id='word_1_376' title='bbox 305 3977 368 4010; x_wconf 82' lang='lat' dir='ltr'><strong>vum</strong></span> <span class='ocrx_word' id='word_1_377' title='bbox 389 3957 489 4018; x_wconf 77' lang='lat' dir='ltr'><strong>rivalis,</strong></span> <span class='ocrx_word' id='word_1_378' title='bbox 505 3958 624 4010; x_wconf 89' lang='lat' dir='ltr'><strong>animum</strong></span> <span class='ocrx_word' id='word_1_379' title='bbox 635 3954 726 4008; x_wconf 86' lang='lat' dir='ltr'><strong>militis</strong></span> <span class='ocrx_word' id='word_1_380' title='bbox 736 3955 812 4024; x_wconf 91' lang='lat' dir='ltr'><strong>cupi·</strong></span> <span class='ocrx_word' id='word_1_381' title='bbox 856 3954 963 4025; x_wconf 66' lang='lat' dir='ltr'><strong>quatita</strong></span> <span class='ocrx_word' id='word_1_382' title='bbox 977 3968 1030 4016; x_wconf 78' lang='lat' dir='ltr'><strong>eet,</strong></span> <span class='ocrx_word' id='word_1_383' title='bbox 1043 3967 1075 4007; x_wconf 89' lang='lat' dir='ltr'><strong>ut</strong></span> <span class='ocrx_word' id='word_1_384' title='bbox 1088 3953 1221 4007; x_wconf 86' lang='lat' dir='ltr'><strong>donorum</strong></span> <span class='ocrx_word' id='word_1_385' title='bbox 1235 3953 1371 4006; x_wconf 77' lang='lat' dir='ltr'><strong>excellen-</strong></span> 
     </span>
     <span class='ocr_line' id='line_1_42' title="bbox 304 4023 1372 4104; baseline -0.006 -14"><span class='ocrx_word' id='word_1_386' title='bbox 304 4038 407 4090; x_wconf 85' lang='lat' dir='ltr'><strong>‹liorenr</strong></span> <span class='ocrx_word' id='word_1_387' title='bbox 424 4036 508 4088; x_wconf 81' lang='lat' dir='ltr'><strong>voluit</strong></span> <span class='ocrx_word' id='word_1_388' title='bbox 525 4035 652 4100; x_wconf 64' lang='lat' dir='ltr'><strong>reddam</strong></span> <span class='ocrx_word' id='word_1_389' title='bbox 669 4047 694 4086; x_wconf 92' lang='lat' dir='ltr'><strong>et</strong></span> <span class='ocrx_word' id='word_1_390' title='bbox 706 4033 811 4086; x_wconf 87' lang='lat' dir='ltr'><strong>clancu-</strong></span> <span class='ocrx_word' id='word_1_391' title='bbox 856 4034 904 4100; x_wconf 88' lang='lat' dir='ltr'><strong>tia,</strong></span> <span class='ocrx_word' id='word_1_392' title='bbox 917 4023 927 4100; x_wconf 73' lang='lat' dir='ltr'><strong>l</strong></span> <span class='ocrx_word' id='word_1_393' title='bbox 938 4034 1116 4104; x_wconf 85' lang='lat' dir='ltr'><strong>poterateuim</strong></span> <span class='ocrx_word' id='word_1_394' title='bbox 1123 4031 1230 4088; x_wconf 71' lang='lat' dir='ltr'><strong>subdito</strong></span> <span class='ocrx_word' id='word_1_395' title='bbox 1237 4033 1372 4086; x_wconf 81' lang='lat' dir='ltr'><strong>Eunucho</strong></span> 
     </span>
    </p>
   </div>
   <div class='ocr_carea' id='block_1_8' title="bbox 0 0 1520 4864">
    <p class='ocr_par' dir='ltr' id='par_1_13' title="bbox 0 0 1520 4864">
     <span class='ocr_line' id='line_1_43' title="bbox 0 0 1520 4864; baseline 0 2"><span class='ocrx_word' id='word_1_396' title='bbox 0 0 1520 4864; x_wconf 95' lang='lat' dir='ltr'><strong> </strong></span> 
     </span>
    </p>
   </div>
  </div>
 </body>
</html>
