3014 4860
173 467 176 472 ι
346 382 533 452 HEAUT.
563 384 669 454 ACT.
699 385 769 469 IV,
796 385 865 453 SC.
896 385 987 454 vll.
1134 393 1213 484 [129

138 519 233 586 Cur.
256 515 358 586 Ludis
376 515 515 586 fortusse
533 542 598 587 mc.
618 519 699 587 Sur.
717 520 795 612 lpsa
812 544 849 588 re
870 521 1071 614 experibere.

138 626 237 694 Cur.
255 623 318 694 Nae
335 647 399 717 ego
418 621 607 694 fortunatus
623 623 727 693 homo
750 621 839 694 sum!
860 627 990 698 Deumo
1008 642 1056 714 te,
1069 630 1159 725 Syru.
1177 661 1217 701 us

138 731 218 799 Sru.
235 728 300 798 Sed
316 744 413 825 puter
428 729 606 826 egreditur.
628 734 719 801 Cave
737 731 919 826 quidquam
938 732 1120 806 admiratus
1138 737 1200 825 sis,

138 837 214 924 Qua
235 859 334 906 causa
353 836 386 906 id
405 834 481 924 fiat3
498 836 726 909 obsecundato
743 841 779 907 iu
798 836 882 909 ioco.

138 940 239 1032 Quod
261 942 456 1039 imperabit,
472 943 593 1032 iacito;
610 942 758 1038 loquitor
776 944 930 1041 pauculo.

376 1171 607 1261 -SCENA
639 1169 963 1272 SEPTIMA.

283 1329 553 1455 ouuuoius.
583 1386 855 1455 currrruo.
884 1387 1065 1458 svuus.

191 1605 283 1674 Cur.
304 1599 371 1671 Ubi
395 1599 542 1695 Clitipho
565 1623 655 1669 nuuc
675 1588 749 1669 esti
767 1602 846 1672 Srn.
867 1603 994 1672 Eccum
1014 1628 1088 1693 me,
1104 1605 1213 1701 inque.

298 1710 396 1778 Cum.
412 1711 540 1777 Eccum
556 1707 612 1777 hic
627 1707 699 1776 tibi.

137 1908 198 1962 Lib.
215 1908 299 1980 untiq.
322 1906 426 1961 addunt
439 1907 474 1960 id.
486 1939 528 1954 -
541 1909 618 1979 Quod
633 1910 657 1960 ei
698 1907 743 1960 bo.
753 1905 822 1959 Num
836 1906 889 1960 hoc
900 1907 992 1974 modo,
1004 1909 1078 1981 quod
1090 1915 1213 1985 proscipit

138 2011 163 2042 es
170 1989 303 2059 pellicien.
315 1988 359 2042 Cf.
370 2007 409 2041 vs.
426 1989 491 2056 319.
508 2019 544 2031 -
556 1987 654 2042 Garris.
697 1985 790 2056 Syrus,
798 2007 854 2038 curs
865 1985 996 2055 diceudo,
1007 1991 1131 2062 jungitur
1139 2012 1213 2046 com.

137 2068 244 2123 Dicitur
252 2071 363 2139 garrire,
378 2067 423 2139 qui
436 2067 551 2122 inaniter
565 2067 655 2140 ioqui·
697 2064 778 2118 mode
794 2066 873 2120 alteri
882 2066 1042 2138 imperativo
1055 2071 1214 2126 obsecundato

138 2147 329 2212 tun-Unde,
343 2167 422 2219 supp.
435 2145 506 2201 istud
516 2159 654 2219 argentum
697 2159 725 2199 et
737 2147 917 2218 sequentibus.
931 2147 986 2212 Qui
1001 2160 1077 2202 tenor
1088 2151 1214 2206 orstiouis

137 2241 269 2282 sumetur.
696 2225 1023 2296 invulgatacoliocatioue
1035 2231 1219 2300 perit.Perlet..

180 2309 248 2372 814.
262 2307 419 2379 Experibere.
439 2305 582 2372 Archuice,
604 2325 654 2376 pro
696 2335 737 2350 -
764 2306 828 2360 Cure
851 2307 981 2380 quidquam
1006 2309 1140 2364 admiratus
1169 2317 1211 2366 sir.

138 2391 266 2459 experiere.
280 2385 408 2440 -Idem
424 2384 551 2441 deservis
565 2384 655 2440 dicere
697 2385 768 2440 Cure
781 2405 815 2439 ne
825 2384 939 2441 videaris
949 2406 1005 2459 prce
1015 2389 1100 2443 nimio
1111 2389 1211 2463 gaudio

138 2485 291 2540 possumus,
302 2465 376 2539 quod
389 2485 471 2538 supra
482 2485 522 2521 vs.
537 2468 605 2529 8015,
619 2463 655 2519 de
697 2462 841 2533 admirari,
854 2465 927 2539 quod
942 2481 1082 2540 argaitum
1098 2471 1211 2544 accipias

138 2548 246 2601 senibus
259 2545 377 2600 diximus
390 2563 397 2599 :
411 2547 540 2618 Magnum
553 2547 655 2601 scilicet
696 2543 870 2599 deferendum
883 2545 918 2600 nd
931 2547 1101 2604 Bacchidem.

136 2625 282 2681 discrimen
295 2627 504 2680 iuteresseinter
514 2625 654 2680 comoediis
739 2628 807 2696 817.
821 2625 1028 2682 Obsecurdutoin
1042 2630 1103 2685 loco.
1120 2631 1210 2686 esuh.
1286 2673 1290 2682 ,

139 2720 252 2771 nostru,
276 2719 304 2760 ct
327 2706 408 2778 hujus
431 2706 528 2760 fabulo
555 2725 653 2760 servos.
696 2705 795 2759 servito
814 2705 882 2759 mihi
904 2721 1076 2780 opportune,
1091 2723 1117 2764 et
1137 2712 1211 2765 frau-

139 2786 246 2852 Quunta
261 2805 323 2840 cum
338 2787 505 2858 arrogantis,
520 2805 555 2841 ue
565 2784 654 2841 dicum
697 2782 759 2838 dem
772 2783 880 2855 adjuva.
891 2811 902 2832 ι

141 2867 323 2937 protervitate,
334 2865 585 2938 upudMolisrium,
599 2886 655 2920 ser·
738 2865 807 2918 818.
832 2866 952 2935 Loquitur
973 2868 1089 2938 paucula.
1113 2869 1155 2923 Ne
1178 2889 1211 2924 cx

138 2962 463 3016 vusuuusoperemsusm
474 2949 519 3001 vix
529 2948 595 3000 hero
605 2943 654 3001 suo
697 2945 864 2998 sermonibus
882 2947 935 3000 tuis
949 2959 1073 3001 nascatur
1093 2949 1148 3002 ullu
1167 2970 1211 3004 su·

139 3023 266 3098 dignatur
281 3024 446 3094 impendere.
462 3028 503 3080 De
520 3027 573 3080 hoc
592 3024 655 3081 vide
696 3025 789 3097 spicio.
803 3025 1053 3096 Eugr.—Aduotut
1064 3029 1212 3101 Calphuru.

139 3106 271 3160 Nostrutis
296 3104 377 3175 hujus
396 3106 500 3160 Comici
520 3107 653 3166 fabulum,
702 3105 830 3158 «Paucula
847 3103 930 3172 dixit,
945 3125 1000 3160 non
1012 3126 1109 3178 pauca,·
1129 3123 1154 3163 et
1173 3110 1211 3164 sic

139 3205 220 3258 quam
231 3187 287 3257 jam
301 3185 448 3238 citavimus.
697 3187 826 3257 majorem
846 3186 900 3239 vim
917 3186 966 3240 istu
990 3186 1136 3242 admonitio
1150 3189 1211 3244 ‘hu-

181 3265 248 3320 815.
262 3265 357 3317 Deumo
374 3276 414 3329 te,
435 3277 461 3318 te
480 3263 557 3317 vaide
580 3283 654 3332 um03
696 3265 786 3318 bituru
799 3277 845 3318 est.
860 3292 871 3314 .

140 3358 169 3398 ut
191 3344 260 3398 infra
280 3364 318 3410 rs,
335 3345 410 3414 953,
429 3357 467 3398 est
489 3343 652 3408 deridiculos,
740 3347 807 3414 819.
821 3345 869 3398 Ubi
880 3346 1060 3416 Clite-'pisorum
1069 3341 1210 3404 esr?Beut.

139 3445 190 3497 pro
203 3425 278 3476 ualde
293 3425 416 3477 ridiculus.
697 3425 795 3478 omittit
814 3437 850 3476 est
857 3446 868 3488 ,-
885 3423 946 3493 sed,
961 3437 992 3479 ut
1004 3425 1129 3497 opinatur
1145 3427 1211 3480 Per-

183 3507 250 3559 816.
274 3503 325 3557 Sed
341 3515 414 3575 pater
428 3503 559 3575 egreditur.
574 3501 653 3557 Both.
697 3504 783 3570 letus,
802 3515 894 3557 contre
918 3522 1021 3557 morem
1043 3505 1145 3569 Poeta,
1163 3509 1211 3578 qui

141 3593 178 3637 st!
200 3586 278 3637 Pater
291 3585 372 3655 egred.
388 3617 430 3628 -
445 3584 590 3637 Admiratus
611 3586 654 3638 sis.
696 3602 828 3656 nusquam
855 3583 896 3636 ubi
924 3583 1022 3655 ponit,
1045 3585 1103 3637 sins
1127 3588 1211 3640 verbo

141 3666 194 3718 Pro
204 3669 252 3729 sis,
265 3683 357 3718 omnes
369 3665 435 3718 libb.
448 3664 543 3718 Fuern.
557 3674 584 3716 et
594 3663 655 3734 piu·
696 3663 783 3718 finito.
805 3663 939 3717 Omittunt
955 3664 1052 3734 puriter
1075 3665 1136 3736 Bip.
1157 3667 1210 3720 Bo.

140 3745 203 3798 rimi
214 3743 347 3799 editorum
358 3743 476 3808 sies5sed
488 3763 519 3797 ex
535 3742 655 3797 nuimud-
697 3743 890 3798 thim-Cur.
905 3742 954 3795 Ubi
967 3741 1074 3814 Clitipho
1083 3742 1213 3798 nuncsst?

141 3825 265 3878 versione
276 3824 384 3888 perlui,
393 3825 462 3878 ratio
473 3841 563 3879 rusus
574 3823 656 3895 exigit
697 3821 816 3896 Supple,
833 3822 895 3894 ·qui
908 3835 1045 3894 argentum
1059 3822 1093 3877 ud
1104 3825 1213 3880 Bacchi·

142 3909 185 3959 sis.
201 3936 238 3948 -
249 3904 320 3957 Huic
335 3905 441 3972 versui,
455 3905 503 3977 qui
517 3903 598 3974 vuigo
614 3922 656 3957 se·
698 3901 761 3956 dem
777 3901 886 3956 deierat.
896 3928 908 3950 ι
921 3902 990 3955 Hinc
1005 3917 1115 3975 apparet
1129 3925 1211 3978 quum

142 3986 235 4056 quitur
243 3983 427 4055 posteriorem,
435 3984 556 4037 Muretus
564 3982 655 4038 sedern
699 3996 851 4056 opportune
865 3980 962 4048 Poeta,
976 4001 1032 4035 nou
1046 3983 1127 4038 modo
1143 4005 1212 4058 pru-

142 4065 212 4118 huic
223 4065 339 4136 priorem
348 4063 494 4134 assignavit
503 4063 585 4129 Quod
595 4083 657 4138 pro
700 4076 819 4129 sentem,
836 4060 881 4116 sed
903 4075 930 4116 et
944 4077 1122 4135 prupsmtum
1137 4067 1214 4121 Cliti·
