3026 4862
406 383 582 454 HEAUT.
612 385 718 455 ACT.
747 389 790 472 V,
815 389 882 458 SC.
910 391 961 458 ΙΙ.
1142 401 1218 492 449

150 521 213 591 Cui
241 517 295 606 fit3
324 539 440 586 verum
474 541 537 612 ego
570 516 661 588 haud
692 521 802 589 rninus
837 545 924 616 aegre
952 527 1074 619 patior,
1102 527 1135 597 id
1162 535 1219 625 qui

309 625 439 711 nescio,

150 733 222 801 Nec
238 733 401 804 rationem
419 731 530 824 cupio,
550 731 614 800 nisi
632 732 722 825 quod
738 732 795 801 tibi
814 733 900 803 hene
917 742 1084 812 exanimo
1102 743 1190 815 volo.

151 843 251 910 Curr.
282 840 345 906 Hic
373 851 502 931 patrem
533 836 664 906 adstare
697 837 808 908 aibas?
838 843 932 910 Mun.
964 847 1100 918 Eccum.
1127 854 1216 921 effla.

310 943 402 1032 Quid
423 968 476 1012 me
498 944 644 1031 incusas,
659 943 831 1040 Clitipho?-

151 1051 321 1145 Quidquid
338 1075 401 1144 ego
415 1050 514 1144 hujus
531 1049 613 1134 feci,
629 1051 689 1119 tihi
706 1054 859 1148 prospexi
879 1069 913 1122 ct
929 1057 1073 1132 stultitiae
1088 1080 1163 1135 tuae.

150 1159 217 1226 Ubi
233 1172 265 1227 te
279 1157 347 1225 vidi
362 1158 473 1226 animo
490 1181 560 1226 esse
577 1156 716 1245 omisso,
735 1175 769 1228 et
788 1162 899 1229 suavia
915 1163 949 1230 in
967 1175 1141 1258 praesentiu

140 1263 236 1352 'Quoe
257 1277 384 1350 essent,
402 1265 509 1358 prima
535 1263 677 1351 habere,
698 1266 812 1360 neque
828 1269 999 1339 consulere
1022 1277 1055 1344 in
1074 1276 1218 1376 longitu-

313 1370 442 1454 dinem,
1179 1417 1218 1469 ,ss

150 1479 234 1572 Cepi
263 1479 441 1563 rationem,
466 1491 503 1546 ut
526 1500 635 1570 neque
662 1501 792 1571 egeres,
820 1506 927 1576 neque
950 1501 987 1554 ut
1010 1487 1081 1560 hoec
1107 1519 1218 1588 posses

184 1573 215 1624 '-
307 1583 456 1678 perdere
606 1587 607 1592 ’

149 1829 198 1882 ego
213 1810 274 1864 seci.
293 1809 369 1865 Nihil
387 1810 438 1865 feci
454 1807 528 1882 quod
546 1809 590 1862 alii
606 1827 662 1862 non
708 1827 811 1878 mores,
825 1814 994 1884 turpitudine
1007 1827 1219 1898 praeteritorum,

148 1891 275 1944 [actitent.
706 1908 775 1942 ³⁰¹³
801 1894 908 1959 futuri,
936 1900 1063 1970 graphice
1092 1904 1219 1965 describit

189 1975 254 2040 960.
272 1971 303 2024 Id
315 1974 365 2042 qui.
383 1970 470 2023 Bentl.
484 1987 516 2021 ex
531 1987 587 2020 uuo
600 1964 661 2021 cod.
706 1980 798 2039 peter,
810 1984 839 2024 ut
848 1973 1121 2048 inferaturpotentiuc
1131 2007 1221 2044 neces·

149 2052 227 2123 idque.
240 2049 385 2102 Ruhnken.
396 2067 452 2100 non
463 2045 578 2100 admittit
589 2065 662 2116 agre.
707 2049 768 2102 situs
787 2054 970 2120 coercitionis,
987 2071 1014 2110 et
1029 2057 1173 2120 descendat
1189 2070 1218 2124 iu

148 2129 251 2182 -Tibi
264 2132 303 2180 cui
310 2127 352 2198 fit.
370 2127 505 2192 Quoniam
518 2126 620 2180 scilicet
634 2125 664 2180 id
706 2130 825 2183 animum
832 2133 946 2202 gravius.
954 2137 1027 2190 luter
1033 2141 1138 2198 Demeae
1147 2165 1219 2219 espe-

149 2223 175 2262 te
186 2209 297 2281 propius
313 2209 406 2279 tangit.
421 2239 460 2250 -
472 2207 506 2258 Id
517 2210 560 2279 qui
569 2210 661 2272 nescio,
705 2209 813 2264 ritatem
837 2225 866 2265 et
884 2214 1009 2268 Micionis
1026 2218 1219 2294 indulgentiam

149 2308 200 2360 ego
217 2289 336 2360 quirem
356 2287 532 2358 totomplune
551 2287 663 2357 ignoro,
707 2288 866 2344 meditatum
894 2303 1097 2366 temperamenti
1123 2325 1218 2375 geum,

151 2383 177 2422 et
194 2368 260 2439 quid
277 2381 303 2421 te
318 2369 388 2421 inter
403 2379 429 2420 et
444 2379 546 2438 patrem
560 2379 663 2437 agutur.
707 2367 871 2425 Sententiose
880 2387 968 2428 autem
980 2381 1024 2433 τήν
1036 2381 1145 2438 ἀσωτίαν
1159 2392 1218 2442 stul.

179 2447 663 2518 961.Nccrationemcapio,etc.thui
707 2451 769 2501 utcu
788 2451 899 2505 nomine
915 2467 992 2524 poeta
1013 2456 1147 2518 describit.
1160 2467 1215 2522 Ita-

147 2529 249 2582 nullcm
260 2529 339 2582 aliern
348 2529 376 2580 in
388 2523 663 2598 tuisccmmcdispar·
706 2546 771 2599 que,
791 2531 864 2602 apud
881 2532 1102 2608 Aristophanem,
1123 2546 1215 2604 Plutus

148 2605 661 2681 temsuscipio,nisiquodexenimosim
705 2611 876 2681 conqueritur
912 2633 971 2683 use,
994 2631 1023 2670 ut
1042 2623 1160 2691 primum
1184 2631 1213 2682 in
1244 2631 1247 2636 ’

148 2708 209 2761 erga
232 2702 257 2743 te
275 2706 424 2761 propensus
444 2686 480 2741 ad
498 2686 662 2740 benevolen-
704 2687 843 2742 hominem
856 2693 1146 2769 stultuminciderit,in
1160 2727 1217 2764 me.

148 2769 220 2823 tium.
245 2803 285 2813 ·-
309 2770 402 2841 Longe
425 2769 501 2822 aliter
528 2766 662 2839 explicant
693 2769 811 2823 'retrices
828 2783 853 2824 et
869 2773 952 2826 aleam
968 2779 1078 2849 projici,
1091 2785 1216 2843 minimo.

148 2849 227 2899 multi
245 2848 375 2914 editorem
390 2850 486 2904 volunt
501 2848 602 2920 quippe
620 2845 666 2920 qui
704 2866 757 2920 que
773 2852 901 2921 temporis
915 2853 1019 2909 nudum
1034 2857 1115 2916 domo
1127 2871 1215 2940 expet.

149 2927 660 2999 percurexplicari,etinterpretuntur,
703 2929 731 2982 li.
744 2953 755 2974 ι
773 2929 876 2982 Boecler.
888 2935 1022 3006 -Hujus
1027 2941 1094 3006 saci,
1121 2946 1150 2999 in
1163 2949 1213 3004 hac

148 3007 278 3076 nescioqui
294 3002 364 3070 (cur)
376 3008 404 3058 id
410 2998 460 3074 (sc.
470 3027 567 3060 moeror
576 3003 660 3070 meus)
704 3027 734 3061 re
747 3009 849 3062 seci.-
863 3013 991 3084 Prospeci,
1004 3023 1134 3079 consului,

148 3083 428 3149 fiut,etnullemaliam
442 3087 565 3140 mihimet
574 3088 660 3141 uidero
745 3092 812 3157 964.
832 3092 865 3144 In
879 3091 928 3146 Ms.
945 3095 1017 3169 Lipe
1036 3116 1096 3156 est:
1116 3112 1215 3176 omisso,

148 3183 254 3219 causam
263 3163 315 3216 mei
325 3161 439 3230 doloris,
450 3165 501 3217 nisi
511 3165 596 3236 quod,
608 3180 659 3220 etc.
703 3180 727 3218 ct
747 3173 823 3224 suavi.
840 3205 879 3214 -
900 3174 1003 3230 Omt'ssc.
1023 3179 1173 3255 Negligenti
1189 3204 1216 3244 et

189 3250 255 3314 962.
269 3243 387 3296 Adstutu.
407 3245 439 3296 In
458 3244 533 3298 Bern.
550 3266 607 3298 esse.
621 3277 659 3288 —
704 3249 822 3304 remisso.
846 3251 962 3324 Adelph.
983 3258 1037 3312 835
1056 3279 1063 3313 :
1082 3271 1215 3323 ommim-05

149 3327 207 3378 Hoc
228 3325 298 3397 Syro
317 3323 410 3377 tribuit
432 3323 510 3376 Both.
529 3355 569 3366 ·-
592 3325 662 3394 Quid
699 3328 784 3396 paulo.
798 3333 879 3384 -Iu
886 3341 1026 3402 presentia.
1042 3340 1070 3392 in
1091 3352 1214 3414 proesemi

149 3426 191 3458 me.
202 3404 302 3475 Incipit
312 3404 358 3458 hic
373 3403 400 3456 iu
415 3403 473 3474 Bip.
488 3421 557 3456 nova
571 3423 658 3456 scene.
704 3414 833 3478 ternpore.

184 3475 256 3556 Δ963.
275 3484 402 3558 Quidquid
416 3501 461 3553 ego
478 3485 546 3552 iirrjm
559 3485 585 3550 s.
607 3483 657 3536 Ed.
745 3489 811 3554 965.
826 3491 910 3544 Prima
928 3495 1021 3550 habere.
1037 3498 1174 3574 Suspiccre
1188 3525 1214 3565 et

147 3565 663 3637 prim.()uidquidhujusreid—Quidquid
702 3568 795 3620 secturi
813 3583 841 3623 ut
857 3574 998 3645 precipua.
1014 3609 1054 3622 -—-
1069 3583 1098 3634 In
1110 3587 1214 3658 [origem.

125 3710 126 3714 Ἰ
148 3665 207 3714 ego,
218 3653 272 3698 etei
279 3647 361 3700 Dictis
369 3648 423 3717 jam
434 3645 554 3698 confutat
562 3644 658 3709 filium,
703 3647 789 3700 dinem.
802 3651 894 3723 Longe
903 3654 930 3706 in
943 3655 1073 3714 futurum.

148 3739 177 3778 ut
191 3737 252 3778 unte
264 3726 444 3779 constituerat.
459 3727 489 3778 ln
502 3743 553 3796 qua
567 3726 659 3796 ohjur.
745 3733 808 3797 966.
824 3733 908 3804 Neque
923 3755 1010 3805 egeres.
1025 3740 1076 3795 Ed.
1091 3747 1170 3814 prim.
1188 3765 1214 3804 et

148 3804 346 3876 gatione,poett
358 3806 509 3877 exemplum
522 3803 597 3858 dedit
609 3823 658 3856 no·
704 3808 765 3861 Mss.
780 3809 854 3880 quid.
869 3833 911 3865 nec
925 3828 951 3868 tu
965 3837 1002 3886 eg.
1021 3821 1116 3878 Censet
1127 3828 1213 3884 Bentl.

148 3884 227 3937 tubile
248 3899 347 3954 quanto
366 3886 398 3937 sit
415 3889 499 3956 major
519 3886 558 3938 vis
574 3886 602 3937 in
617 3904 659 3938 ro·
704 3889 811 3942 sortasse
823 3891 980 3964 legendum:
995 3911 1021 3950 ut
1035 3920 1108 3975 neque
1122 3927 1213 3978 egeres,

149 3964 276 4024 tionibus,
300 3983 378 4035 quarn
402 3965 429 4018 iu
449 3965 614 4020 vehementia
634 3978 660 4018 et
706 3988 778 4040 neque
794 3981 820 4022 ut
833 3974 884 4026 lucc
895 3980 973 4046 possis
983 3981 1143 4050 perdere—
1157 3991 1217 4063 Cepi

149 4044 265 4099 tumultu
281 4046 437 4115 castipuutis.
451 4047 598 4101 Dissolutns
614 4047 661 4099 filii
708 4054 832 4104 rationem.
849 4055 941 4108 Inveni
954 4059 1075 4116 modum.
1086 4099 1124 4108 -
1136 4069 1215 4140 Haec,

202 4155 233 4220 I.
1007 4196 1055 4265 29

1180 669 1219 720 9fio
1285 691 1289 700 ·
