3014 4872
302 386 366 454 DE
391 380 652 452 TRAGOEDIA
679 380 736 448 ET
763 379 1011 452 COMOEDIA.
1130 411 1195 458 xnv

118 515 338 612 fectuumque
352 514 496 586 civilium
511 539 550 614 ac
570 515 774 608 privatorum
791 537 799 580 τ
814 512 934 607 quibus
952 513 1101 606 discitur,
1114 522 1193 614 quid

118 623 168 690 sit
184 624 218 690 in
232 625 300 692 vita
322 622 401 693 utile
418 675 428 709 ,
443 620 522 716 quid
542 635 659 690 contra
681 618 884 688 evitandum.
903 624 998 691 Hanc
1020 627 1130 696 Graeci
1148 630 1195 697 sic

118 727 283 798 definiere
303 729 351 798 ¹¹:
373 721 536 822 Κωμῳδία
564 725 646 794 ἐστίν
672 717 835 793 ἰδιωτικῶν
858 727 910 794 καὶ
928 735 1093 797 πολιτικῶν
1115 759 1194 826 πρα-

118 835 254 927 γμάτων
281 828 440 914 ἀκίνδυνος
460 836 599 929 περιοχή.
634 831 841 920 Comoediam
877 857 948 904 esse
977 836 1097 906 Cicero
1128 841 1195 929 ait,

124 942 382 1011 «imitationem
411 941 502 1026 vitae,
528 936 700 1034 speculum
725 940 992 1023 consuetudinis,
1017 943 1194 1038 imaginem

118 1048 282 1117 veritatis.
309 1063 326 1100 >³
352 1046 534 1118 Comoediae
556 1059 667 1115 autern
687 1070 707 1114 a
725 1070 819 1131 more
835 1045 1101 1142 antiquodictae,
1116 1054 1195 1145 quia

119 1155 158 1222 in
180 1155 260 1224 vicis
286 1154 477 1249 hujusmodi
502 1154 649 1224 carmina
666 1153 758 1222 initio
783 1152 976 1248 agebantur,
998 1155 1087 1249 apud
1106 1159 1195 1228 Grae-

120 1285 182 1329 cos
197 1286 205 1328 :
220 1262 306 1329 utin
323 1259 420 1330 Italia
440 1258 662 1354 compitalitiis
676 1257 831 1347 ludicris,
845 1258 991 1329 admixto
1004 1266 1195 1355 pronuntia·

121 1368 224 1435 tionis
250 1365 404 1450 modulo,
433 1392 519 1462 quo,
546 1366 627 1436 dum
652 1379 745 1436 actus
767 1381 1027 1454 commutantur,
1051 1369 1195 1464 populus

120 1466 335 1542 detinebatur
352 1472 386 1542 ¹².
405 1475 474 1543 Aut
494 1479 556 1542 ἀπὸ
569 1482 630 1540 τῶν
650 1472 856 1565 κωμῶν,ιιοο
874 1487 939 1560 est,
958 1474 1000 1544 ab
1018 1491 1095 1544 actu
1117 1479 1194 1546 vitoe

119 1579 316 1669 hominum,
335 1582 443 1675 quiin
462 1581 540 1648 vicis
561 1579 773 1664 habitabant,
792 1580 836 1649 ob
853 1579 1111 1652 mediocritatem
1130 1583 1193 1653 for·

119 1701 304 1754 tunarum:
328 1712 396 1756 non
425 1689 460 1755 in
488 1684 570 1755 aulis
593 1687 706 1780 regiis,
726 1701 764 1756 ut
782 1701 858 1755 sunt
878 1712 1028 1781 personae
1048 1691 1191 1784 tragicae.

120 1791 297 1862 Comoedia
311 1787 406 1876 vero',
423 1793 501 1888 quia
516 1817 637 1887 poema
650 1793 711 1862 sub
726 1794 908 1863 imitatione
921 1795 997 1863 vitae
1008 1810 1106 1889 atquc
1115 1823 1192 1868 mo·-

39 1959 43 1968 .
119 1923 199 1966 rum
220 1899 431 1969 similitudine
454 1901 674 1994 compositum
694 1915 763 1986 est,
784 1901 818 1968 in
839 1915 933 1993 gestu
953 1915 986 1970 et
1003 1906 1193 1994 pronuntia·

119 2006 213 2074 tione
234 2008 392 2076 consistit.
413 2006 620 2076 Comoediam
639 2005 728 2100 apud
750 2009 886 2076 Graecos
903 2005 1040 2076 dubium
1055 2013 1192 2104 estquis

120 2111 288 2181 invenerit
308 2115 456 2208 primus:
479 2112 568 2208 apud
590 2112 726 2180 Latinos
755 2126 882 2181 certum
903 2126 964 2180 est.
987 2115 1193 2184 Comoediam

120 2232 159 2287 et
179 2219 374 2320 tragoediam
394 2233 541 2314 togatam
559 2218 668 2312 primo
684 2218 799 2287 Livius
817 2218 1026 2289 Andronicus
1046 2223 1194 2314 reperit3

122 2325 251 2418 aitque,
282 2325 512 2395 «comoediam
538 2348 608 2394 esse
636 2324 833 2418 quotidianae
861 2327 937 2396 vitae
964 2325 1158 2420 speculum:
1179 2347 1193 2376 ν

122 2455 187 2500 nec
205 2432 333 2526 injuria.
351 2434 458 2518 Nam,
477 2446 513 2500 ut
530 2433 651 2514 intenti
672 2431 807 2526 speculo
829 2433 977 2501 veritatis
994 2431 1194 2504 lineamenta

119 2535 219 2606 facile
238 2564 298 2633 per
315 2539 474 2633 imagines
490 2537 692 2632 colligimus,
709 2539 755 2606 ita
771 2536 913 2607 lectione
936 2541 1106 2609 comoediae
1119 2543 1192 2610 imi-

121 2645 282 2714 tationem
299 2647 376 2714 vitae
390 2643 702 2737 consuetudinisque
720 2634 789 2712 non
804 2646 975 2738 aegerrime
990 2646 1195 2717 animadver-

58 2828 61 2834 ,
123 2753 233 2820 timus.
256 2751 363 2844 Hujus
384 2766 495 2820 autem
522 2750 657 2844 originis
682 2751 766 2818 ratio
794 2751 836 2819 ab
861 2754 981 2821 exteris
1005 2755 1193 2825 civitatibus

122 2859 340 2952 moribusque
355 2859 516 2952 pervenit.
538 2856 757 2925 Athenienses
783 2883 947 2952 namque,
963 2859 1107 2928 Atticam
1128 2886 1191 2930 cu-

122 2964 303 3034 stodientes
324 2962 540 3058 elegantiam,
557 2988 661 3057 quum
678 2961 896 3032 vollentmalc
910 2965 1057 3034 viventes
1065 2981 1192 3048 notare,

123 3073 159 3138 in
182 3071 274 3140 vicos
292 3085 326 3140 et
348 3072 495 3166 compita
509 3061 549 3139 err
567 3069 722 3140 omnibus
744 3068 824 3138 locis
840 3069 904 3138 laeti
928 3070 1117 3166 alacresque
1131 3098 1192 3144 ve-

122 3177 280 3246 niebant:
298 3177 407 3271 ibique
428 3202 504 3246 cum
525 3165 714 3246 nominibus
737 3175 942 3270 singulorum
967 3179 1071 3248 vitam
1092 3179 1195 3274 publi·

123 3284 262 3353 cabant:
275 3282 363 3352 unde
373 3309 496 3352 nomen
510 3283 752 3377 compositum,
766 3298 803 3352 ut
818 3285 990 3354 Comoedia
1003 3300 1190 3355 vocaretur.

122 3393 205 3459 Haec
218 3403 329 3459 autem
345 3391 494 3459 carmina
507 3391 540 3458 in
553 3390 656 3484 pratis
671 3391 817 3483 primum
833 3390 989 3461 mollibus
999 3392 1195 3485 agebantur:

122 3522 186 3568 nec
210 3498 348 3566 deerant
371 3497 522 3592 praemia,
551 3495 671 3590 quibus
705 3495 748 3564 ad
777 3497 987 3566 scribendum
1017 3497 1193 3568 doctorum

123 3743 180 3778 esse
193 3721 345 3778 videantur.
367 3723 407 3776 Id.
430 3722 637 3779 Westerhovius
681 3720 802 3776 definitio
814 3723 937 3783 habetur,
948 3723 1129 3776 acinaticium
1141 3743 1195 3777 non

122 3805 234 3858 nomine
251 3828 263 3852 ι
276 3803 426 3874 Fragmenti
446 3803 543 3856 Donati
555 3829 566 3850 ι
580 3801 638 3856 edi·
682 3800 764 3856 addit.
775 3803 849 3855 Lind.

122 3883 182 3938 dit:
194 3884 256 3936 satis
268 3881 400 3936 audacter.
417 3885 500 3936 Zeuu.
726 3902 771 3964 tq.
787 3882 895 3954 Populus
921 3882 1079 3936 detinebatur.
1100 3883 1198 3934 Manu·

169 3979 213 4016 11.
225 3957 300 4014 Hane
313 3961 437 4018 Graecr‘sic
447 3961 566 4033 definiere.
577 3962 640 4015 Dio·
686 3963 777 4034 scripti
786 3963 922 4028 exhibent,
925 3964 1029 4035 populus
1039 3961 1197 4027 attinebatur,

122 4041 196 4098 med.
218 4043 312 4098 Gram.
335 4045 382 4097 lib.
404 4044 463 4108 111,
486 4043 533 4104 ubi
549 4041 641 4098 eadem
686 4041 1051 4099 utetinlravidereest.1cl.
