2890 4866
307 429 407 475 cxxiv
462 406 584 474 LOCA
612 405 859 476 MENANDRI
886 409 942 476 ET
970 407 1270 478 APOLLODORI

305 540 368 608 Cui
387 541 487 607 vestis
508 535 672 631 squalida,
685 538 889 633 sycophanta
908 538 1029 608 dieitur

304 645 443 731 Statim,
459 646 609 738 quamvis
627 645 770 738 patiatur
788 647 859 740 ipse
876 646 1040 739 injuriam.

306 739 421 842 (lbid.)
438 780 455 814 α
465 752 518 820 Sic
534 764 583 820 est
597 750 692 820 hic.»
712 751 914 822 Menander:

304 855 407 936 Οὗτος
425 858 516 935 αὐτός
538 860 630 924 ἔστιν.
701 884 708 892 ·

594 1017 760 1087 Eunoen.
785 1015 928 1112 Prologo
947 1009 1008 1104 (vs.
1031 1005 1082 1110 6).

309 1174 548 1266 «Responsum
583 1195 651 1240 non
679 1171 803 1241 dietum
832 1199 920 1260 esse,
944 1174 1020 1268 quia
1047 1172 1129 1243 laesit
1156 1175 1294 1268 prior.»
1323 1178 1380 1242 Hic

360 1301 474 1347 versus
490 1281 645 1373 congruit
667 1281 816 1363 senario,
834 1303 874 1348 ex
890 1279 1067 1350 Menandri
1082 1279 1242 1374 Olynthia
1258 1307 1267 1347 :

304 1371 351 1462 lla
369 1387 434 1478 οὐχ’
449 1384 613 1478 ὑπάρχων,
628 1384 710 1452 ἀλλὰ
727 1390 961 1480 τιμωρούμενος.

306 1491 355 1559 Ut
375 1492 514 1584 quinon
531 1492 623 1586 prior
643 1491 820 1584 incipiam,
839 1491 898 1561 sed
917 1517 971 1561 me
991 1491 1170 1561 vindicem.

597 1649 679 1717 Aer.
709 1671 731 1716 r.
760 1649 814 1717 Sc.
844 1673 854 1718 ι
884 1641 947 1742 (vs.
978 1635 1053 1744 79).

313 1805 407 1875 «sed
421 1831 500 1876 ecca
511 1808 583 1901 ipsa
601 1805 778 1901 egreditur.
789 1835 806 1871 υ
819 1807 1004 1876 Menander
1023 1808 1058 1874 in
1078 1806 1219 1900 Prologo
1230 1806 1377 1892 Fabulae,

363 1913 465 1982 Thais
485 1914 664 2008 inscriptae,
678 1912 925 2006 elegantissimis
941 1913 1050 1982 verbis
1068 1913 1138 2006 ejus
1156 1909 1229 1992 ’ἦθος
1251 1937 1377 2009 expres·

290 2109 296 2116 Ι
363 2021 421 2108 sit,
448 2044 531 2114 quos
557 2018 755 2090 Plutarchus
788 2021 822 2088 in
851 2021 1100 2090 Commentario
1128 2018 1169 2088 de
1198 2019 1377 2089 Audienda

363 2129 473 2196 Poetis
495 2127 596 2195 refert
615 2125 681 2196 hoe
700 2124 821 2194 modo:

310 2222 392 2329 Ἐμοὶ
412 2233 464 2328 μὲν
484 2230 534 2300 οὖν
553 2224 635 2299 ἄειδε
653 2234 820 2316 τοιαύτην,
835 2229 915 2317 est,

309 2345 480 2435 Θρασεῒαν,
498 2337 609 2431 ὡραίαν
628 2330 681 2420 dl,
696 2337 747 2404 καὶ
765 2337 892 2413 πιθανὴν
911 2339 993 2432 ἅμα,

311 2438 504 2528 litiosam,
521 2443 760 2526 ἀποκλείουσαν,
784 2441 927 2512 αἰτοῦσαν
946 2443 1062 2530 πυκνὰ,

314 2543 459 2630 Mariand(
474 2554 607 2642 ἐρῶσαν,
622 2551 883 2643 προσποιουμένην
903 2541 933 2618 δ’
943 2552 998 2620 τίετ’.

312 2661 410 2727 Νυιιο
430 2654 518 2725 illam
538 2653 638 2726 talem
658 2681 757 2745 cane,
778 2657 866 2744 Dea,

163 2831 178 2850 ,
313 2769 487 2850 Ferocem,
509 2763 566 2833 sed
584 2759 800 2857 pulchellam‚
817 2778 851 2833 et
872 2761 1167 2858 illecebriloquam;

312 2869 549 2965 Injustifieam‚
570 2866 780 2956 elusiforem‚
797 2863 1091 2964 poscinummiam‚

312 2979 357 3046 Et
373 2979 669 3061 neminamantem,
691 3000 820 3070 semper
841 2973 1050 3046 simulantem
1072 2991 1191 3046 tamen.

578 3139 662 3206 Aer.
690 3159 727 3204 ιι.
757 3137 813 3205 Sc·
842 3159 886 3205 ιιι
915 3125 977 3229 (vs.
1003 3125 1110 3228 253).

318 3299 381 3366 als
399 3310 553 3391 quaestus.
565 3323 583 3359 ο
605 3293 810 3362 Menander:

313 3402 452 3496 Προίττει
467 3393 497 3468 δ’
511 3407 528 3468 ὀ
542 3394 638 3478 κόλαξ
655 3395 766 3494 ἄριστα
785 3401 921 3468 πάντων.

314 3511 401 3579 Cum
420 3507 590 3578 adulatore
608 3509 717 3601 agitur
735 3531 825 3576 nuno
847 3509 995 3578 omnium
1018 3509 1152 3602 optime.

316 3608 387 3704 (Vs.
410 3607 511 3711 278).
529 3614 610 3683 «Ne
628 3638 800 3683 sursum.»
826 3612 1013 3684 Menandro
1033 3628 1101 3699 est,
1116 3614 1295 3707 στρέφεσθαι
1318 3611 1372 3680 ἅνω

368 3721 465 3790 καίτοι.
490 3722 544 3791 Sic
561 3721 668 3788 enim:

316 3813 417 3926 ίίιμπν
438 3831 497 3922 ἐγὼ
510 3827 582 3906 τοὺς
598 3825 775 3910 πλουσίους,
790 3821 815 3894 ὦ
828 3827 943 3914 Φανία,

316 3936 372 4016 Οίς
389 3939 430 4028 μὴ
448 3935 484 4002 τὸ
503 3926 688 4013 δανείζεσθαι
704 3933 880 4025 πρόσεστιν,
892 3937 926 4001 οὐ
941 3936 1053 4001 στένειν

313 4043 376 4122 Τὰς
394 4045 523 4126 νύκτας,
542 4031 613 4107 οὐδὲ
632 4043 851 4134 στρεφομένους
871 4036 932 4107 οἶνοι
951 4039 1054 4124 καίτοι,
