<?xml version="1.0" encoding="UTF-8"?>
<!DOCTYPE html PUBLIC "-//W3C//DTD XHTML 1.0 Transitional//EN"
    "http://www.w3.org/TR/xhtml1/DTD/xhtml1-transitional.dtd">
<html xmlns="http://www.w3.org/1999/xhtml" xml:lang="en" lang="en">
 <head>
  <title>
</title>
<meta http-equiv="Content-Type" content="text/html;charset=utf-8" />
  <meta name='ocr-system' content='tesseract 3.04.00' />
  <meta name='ocr-capabilities' content='ocr_page ocr_carea ocr_par ocr_line ocrx_word'/>
</head>
<body>
  <div class='ocr_page' id='page_1' title='image "./publiiterentiia04lemagoog_0071.png"; bbox 0 0 2890 4866; ppageno 0'>
   <div class='ocr_carea' id='block_1_1' title="bbox 396 377 1198 460">
    <p class='ocr_par' dir='ltr' id='par_1_1' title="bbox 396 377 1198 460">
     <span class='ocr_line' id='line_1_1' title="bbox 396 377 1198 460; baseline 0.017 -15"><span class='ocrx_word' id='word_1_1' title='bbox 396 377 568 447; x_wconf 84' lang='lat' dir='ltr'>VICTOR</span> <span class='ocrx_word' id='word_1_2' title='bbox 594 379 657 448; x_wconf 87' lang='lat' dir='ltr'>DE</span> <span class='ocrx_word' id='word_1_3' title='bbox 684 377 933 449; x_wconf 84' lang='lat' dir='ltr'>COMOEDIA.</span> <span class='ocrx_word' id='word_1_4' title='bbox 1136 411 1198 460; x_wconf 80' lang='lat' dir='ltr'>uxr</span> 
     </span>
    </p>
   </div>
   <div class='ocr_carea' id='block_1_2' title="bbox 120 504 1198 2417">
    <p class='ocr_par' dir='ltr' id='par_1_2' title="bbox 120 504 1198 2417">
     <span class='ocr_line' id='line_1_2' title="bbox 125 504 1197 613; baseline 0.011 -35"><span class='ocrx_word' id='word_1_5' title='bbox 125 509 273 594; x_wconf 86' lang='lat' dir='ltr'>chorus,</span> <span class='ocrx_word' id='word_1_6' title='bbox 286 504 450 604; x_wconf 88' lang='lat' dir='ltr'>populum</span> <span class='ocrx_word' id='word_1_7' title='bbox 465 533 581 580; x_wconf 79' lang='lat' dir='ltr'>versus</span> <span class='ocrx_word' id='word_1_8' title='bbox 594 508 737 580; x_wconf 83' lang='lat' dir='ltr'><strong>incedit:</strong></span> <span class='ocrx_word' id='word_1_9' title='bbox 754 511 823 580; x_wconf 86' lang='lat' dir='ltr'>sive</span> <span class='ocrx_word' id='word_1_10' title='bbox 837 510 1039 601; x_wconf 78' lang='grc' dir='ltr'><strong>ἀνάπαιστος,</strong></span> <span class='ocrx_word' id='word_1_11' title='bbox 1053 541 1094 586; x_wconf 89' lang='lat' dir='ltr'>eo</span> <span class='ocrx_word' id='word_1_12' title='bbox 1106 520 1197 613; x_wconf 88' lang='lat' dir='ltr'>quod</span> 
     </span>
     <span class='ocr_line' id='line_1_3' title="bbox 126 615 1196 716; baseline 0.009 -31"><span class='ocrx_word' id='word_1_13' title='bbox 126 615 321 710; x_wconf 85' lang='lat' dir='ltr'>frequenter</span> <span class='ocrx_word' id='word_1_14' title='bbox 338 615 528 709; x_wconf 89' lang='lat' dir='ltr'>hujusmodi</span> <span class='ocrx_word' id='word_1_15' title='bbox 547 631 665 686; x_wconf 85' lang='lat' dir='ltr'>cantus</span> <span class='ocrx_word' id='word_1_16' title='bbox 685 632 869 712; x_wconf 82' lang='lat' dir='ltr'>anapaestos</span> <span class='ocrx_word' id='word_1_17' title='bbox 885 636 1073 716; x_wconf 81' lang='lat' dir='ltr'>usurparet.</span> <span class='ocrx_word' id='word_1_18' title='bbox 1085 627 1196 696; x_wconf 90' lang='lat' dir='ltr'>Tertia</span> 
     </span>
     <span class='ocr_line' id='line_1_4' title="bbox 126 713 1198 820; baseline 0.011 -30"><span class='ocrx_word' id='word_1_19' title='bbox 126 731 253 817; x_wconf 83' lang='grc' dir='ltr'><strong>πνῖγος,</strong></span> <span class='ocrx_word' id='word_1_20' title='bbox 269 735 328 790; x_wconf 89' lang='lat' dir='ltr'>aut</span> <span class='ocrx_word' id='word_1_21' title='bbox 352 723 485 817; x_wconf 78' lang='grc' dir='ltr'><strong>μακρὸν,</strong></span> <span class='ocrx_word' id='word_1_22' title='bbox 503 722 667 792; x_wconf 80' lang='lat' dir='ltr'><strong>cantilena</strong></span> <span class='ocrx_word' id='word_1_23' title='bbox 685 722 810 795; x_wconf 90' lang='lat' dir='ltr'>scilicet</span> <span class='ocrx_word' id='word_1_24' title='bbox 830 713 887 819; x_wconf 90' lang='lat' dir='ltr'>(ut</span> <span class='ocrx_word' id='word_1_25' title='bbox 905 724 1021 797; x_wconf 80' lang='lat' dir='ltr'>Pollux</span> <span class='ocrx_word' id='word_1_26' title='bbox 1042 723 1108 820; x_wconf 82' lang='lat' dir='ltr'>ait)</span> <span class='ocrx_word' id='word_1_27' title='bbox 1130 757 1198 802; x_wconf 88' lang='lat' dir='ltr'>una</span> 
     </span>
     <span class='ocr_line' id='line_1_5' title="bbox 127 827 1198 926; baseline 0.009 -28"><span class='ocrx_word' id='word_1_28' title='bbox 127 831 266 924; x_wconf 86' lang='lat' dir='ltr'>spiritus</span> <span class='ocrx_word' id='word_1_29' title='bbox 282 830 496 899; x_wconf 85' lang='lat' dir='ltr'>contentione</span> <span class='ocrx_word' id='word_1_30' title='bbox 514 827 660 924; x_wconf 86' lang='lat' dir='ltr'>prolata,</span> <span class='ocrx_word' id='word_1_31' title='bbox 681 855 754 924; x_wconf 83' lang='lat' dir='ltr'>quac</span> <span class='ocrx_word' id='word_1_32' title='bbox 771 831 834 899; x_wconf 87' lang='lat' dir='ltr'>tria</span> <span class='ocrx_word' id='word_1_33' title='bbox 850 837 1069 926; x_wconf 80' lang='lat' dir='ltr'>sejunguntur</span> <span class='ocrx_word' id='word_1_34' title='bbox 1089 837 1131 906; x_wconf 87' lang='lat' dir='ltr'>ab</span> <span class='ocrx_word' id='word_1_35' title='bbox 1149 840 1198 908; x_wconf 91' lang='lat' dir='ltr'>iu-</span> 
     </span>
     <span class='ocr_line' id='line_1_6' title="bbox 126 933 1196 1030; baseline 0.009 -26"><span class='ocrx_word' id='word_1_36' title='bbox 126 937 263 1021; x_wconf 82' lang='lat' dir='ltr'>vicem‚</span> <span class='ocrx_word' id='word_1_37' title='bbox 291 958 395 1030; x_wconf 88' lang='lat' dir='ltr'>quum</span> <span class='ocrx_word' id='word_1_38' title='bbox 429 933 569 1006; x_wconf 88' lang='lat' dir='ltr'>alterum</span> <span class='ocrx_word' id='word_1_39' title='bbox 598 933 693 1006; x_wconf 86' lang='lat' dir='ltr'>alteri</span> <span class='ocrx_word' id='word_1_40' title='bbox 727 935 851 1006; x_wconf 87' lang='lat' dir='ltr'>nullam</span> <span class='ocrx_word' id='word_1_41' title='bbox 879 937 1001 1009; x_wconf 86' lang='lat' dir='ltr'>habeat</span> <span class='ocrx_word' id='word_1_42' title='bbox 1024 945 1196 1014; x_wconf 85' lang='lat' dir='ltr'>rationem.</span> 
     </span>
     <span class='ocr_line' id='line_1_7' title="bbox 128 1042 1196 1136; baseline 0.011 -27"><span class='ocrx_word' id='word_1_43' title='bbox 128 1042 217 1131; x_wconf 87' lang='lat' dir='ltr'>Quae</span> <span class='ocrx_word' id='word_1_44' title='bbox 235 1066 315 1110; x_wconf 90' lang='lat' dir='ltr'>vero</span> <span class='ocrx_word' id='word_1_45' title='bbox 330 1055 533 1136; x_wconf 89' lang='lat' dir='ltr'>sequuntur,</span> <span class='ocrx_word' id='word_1_46' title='bbox 550 1044 637 1112; x_wconf 90' lang='lat' dir='ltr'>inter</span> <span class='ocrx_word' id='word_1_47' title='bbox 657 1067 692 1111; x_wconf 92' lang='lat' dir='ltr'>se</span> <span class='ocrx_word' id='word_1_48' title='bbox 710 1042 852 1136; x_wconf 84' lang='lat' dir='ltr'>quadam</span> <span class='ocrx_word' id='word_1_49' title='bbox 871 1059 948 1113; x_wconf 92' lang='lat' dir='ltr'>sunt</span> <span class='ocrx_word' id='word_1_50' title='bbox 971 1047 1098 1117; x_wconf 86' lang='lat' dir='ltr'>ratione</span> <span class='ocrx_word' id='word_1_51' title='bbox 1118 1075 1196 1120; x_wconf 88' lang='lat' dir='ltr'>con·</span> 
     </span>
     <span class='ocr_line' id='line_1_8' title="bbox 120 1139 1198 1255; baseline 0.009 -39"><span class='ocrx_word' id='word_1_52' title='bbox 120 1149 255 1242; x_wconf 89' lang='lat' dir='ltr'>juncta,</span> <span class='ocrx_word' id='word_1_53' title='bbox 263 1145 417 1218; x_wconf 89' lang='lat' dir='ltr'>videlicet</span> <span class='ocrx_word' id='word_1_54' title='bbox 432 1153 550 1243; x_wconf 80' lang='grc' dir='ltr'>στροφὴ</span> <span class='ocrx_word' id='word_1_55' title='bbox 563 1147 615 1219; x_wconf 89' lang='lat' dir='ltr'>vel</span> <span class='ocrx_word' id='word_1_56' title='bbox 631 1139 710 1236; x_wconf 77' lang='grc' dir='ltr'>ᾠδὴ,</span> <span class='ocrx_word' id='word_1_57' title='bbox 722 1151 791 1218; x_wconf 88' lang='lat' dir='ltr'>sive</span> <span class='ocrx_word' id='word_1_58' title='bbox 803 1151 911 1241; x_wconf 78' lang='grc' dir='ltr'><strong>μέλος,</strong></span> <span class='ocrx_word' id='word_1_59' title='bbox 930 1151 1098 1255; x_wconf 67' lang='grc' dir='ltr'><strong>ἐπίρρημα,</strong></span> <span class='ocrx_word' id='word_1_60' title='bbox 1113 1157 1198 1226; x_wconf 79' lang='grc' dir='ltr'><strong>ἀντί·</strong></span> 
     </span>
     <span class='ocr_line' id='line_1_9' title="bbox 124 1245 1197 1357; baseline 0.011 -36"><span class='ocrx_word' id='word_1_61' title='bbox 124 1279 261 1348; x_wconf 83' lang='grc' dir='ltr'><strong>στροφος</strong></span> <span class='ocrx_word' id='word_1_62' title='bbox 281 1252 334 1324; x_wconf 84' lang='lat' dir='ltr'>vel</span> <span class='ocrx_word' id='word_1_63' title='bbox 359 1245 503 1342; x_wconf 71' lang='grc' dir='ltr'><strong>ἀντῳδὴ,</strong></span> <span class='ocrx_word' id='word_1_64' title='bbox 525 1267 560 1324; x_wconf 86' lang='lat' dir='ltr'>et</span> <span class='ocrx_word' id='word_1_65' title='bbox 584 1255 816 1349; x_wconf 75' lang='grc' dir='ltr'><strong>ἀντοπίρφημα,</strong></span> <span class='ocrx_word' id='word_1_66' title='bbox 839 1255 930 1351; x_wconf 93' lang='lat' dir='ltr'>quod</span> <span class='ocrx_word' id='word_1_67' title='bbox 957 1256 1031 1328; x_wconf 88' lang='lat' dir='ltr'>loco</span> <span class='ocrx_word' id='word_1_68' title='bbox 1057 1265 1197 1357; x_wconf 87' lang='lat' dir='ltr'>septimo</span> 
     </span>
     <span class='ocr_line' id='line_1_10' title="bbox 125 1360 1198 1456; baseline 0.009 -27"><span class='ocrx_word' id='word_1_69' title='bbox 125 1360 473 1455; x_wconf 69' lang='lat' dir='ltr'>cantabatur;crpopi</span> <span class='ocrx_word' id='word_1_70' title='bbox 491 1362 578 1430; x_wconf 89' lang='lat' dir='ltr'>euim</span> <span class='ocrx_word' id='word_1_71' title='bbox 595 1363 664 1430; x_wconf 87' lang='lat' dir='ltr'>sive</span> <span class='ocrx_word' id='word_1_72' title='bbox 680 1360 881 1456; x_wconf 80' lang='grc' dir='ltr'><strong>ἀντίστροφος</strong></span> <span class='ocrx_word' id='word_1_73' title='bbox 901 1364 1058 1435; x_wconf 89' lang='lat' dir='ltr'>membris</span> <span class='ocrx_word' id='word_1_74' title='bbox 1074 1382 1108 1436; x_wconf 89' lang='lat' dir='ltr'>et</span> <span class='ocrx_word' id='word_1_75' title='bbox 1125 1393 1198 1439; x_wconf 91' lang='lat' dir='ltr'>car-</span> 
     </span>
     <span class='ocr_line' id='line_1_11' title="bbox 128 1466 1198 1568; baseline 0.009 -32"><span class='ocrx_word' id='word_1_76' title='bbox 128 1468 257 1536; x_wconf 88' lang='lat' dir='ltr'>minum</span> <span class='ocrx_word' id='word_1_77' title='bbox 273 1491 393 1562; x_wconf 85' lang='lat' dir='ltr'>genere</span> <span class='ocrx_word' id='word_1_78' title='bbox 411 1466 562 1562; x_wconf 77' lang='lat' dir='ltr'><strong>quadrat.</strong></span> <span class='ocrx_word' id='word_1_79' title='bbox 578 1471 706 1538; x_wconf 84' lang='lat' dir='ltr'>Rursus</span> <span class='ocrx_word' id='word_1_80' title='bbox 724 1469 876 1562; x_wconf 75' lang='grc' dir='ltr'><strong>ἔτίῤῥηρια</strong></span> <span class='ocrx_word' id='word_1_81' title='bbox 890 1468 1121 1568; x_wconf 86' lang='lat' dir='ltr'>undecumque</span> <span class='ocrx_word' id='word_1_82' title='bbox 1136 1477 1198 1546; x_wconf 90' lang='lat' dir='ltr'>sibi</span> 
     </span>
     <span class='ocr_line' id='line_1_12' title="bbox 125 1572 1198 1678; baseline 0.009 -35"><span class='ocrx_word' id='word_1_83' title='bbox 125 1575 330 1644; x_wconf 86' lang='lat' dir='ltr'>conveniens</span> <span class='ocrx_word' id='word_1_84' title='bbox 347 1574 558 1668; x_wconf 73' lang='grc' dir='ltr'><strong>ἄντοπίρρηρα</strong></span> <span class='ocrx_word' id='word_1_85' title='bbox 579 1572 662 1644; x_wconf 86' lang='lat' dir='ltr'>solet</span> <span class='ocrx_word' id='word_1_86' title='bbox 681 1573 813 1644; x_wconf 90' lang='lat' dir='ltr'>babere.</span> <span class='ocrx_word' id='word_1_87' title='bbox 834 1575 1003 1665; x_wconf 84' lang='lat' dir='ltr'>Quoniam</span> <span class='ocrx_word' id='word_1_88' title='bbox 1021 1580 1198 1678; x_wconf 85' lang='lat' dir='ltr'>utrobique</span> 
     </span>
     <span class='ocr_line' id='line_1_13' title="bbox 126 1679 1197 1776; baseline 0.008 -27"><span class='ocrx_word' id='word_1_89' title='bbox 126 1679 199 1750; x_wconf 81' lang='lat' dir='ltr'>sere</span> <span class='ocrx_word' id='word_1_90' title='bbox 223 1703 356 1776; x_wconf 81' lang='lat' dir='ltr'>semper</span> <span class='ocrx_word' id='word_1_91' title='bbox 380 1681 503 1750; x_wconf 87' lang='lat' dir='ltr'>chorus</span> <span class='ocrx_word' id='word_1_92' title='bbox 523 1705 564 1750; x_wconf 89' lang='lat' dir='ltr'>ex</span> <span class='ocrx_word' id='word_1_93' title='bbox 586 1681 704 1750; x_wconf 82' lang='lat' dir='ltr'>iambis</span> <span class='ocrx_word' id='word_1_94' title='bbox 727 1694 919 1752; x_wconf 77' lang='lat' dir='ltr'>tetrametro</span> <span class='ocrx_word' id='word_1_95' title='bbox 939 1683 1103 1756; x_wconf 79' lang='lat' dir='ltr'>sexdecim</span> <span class='ocrx_word' id='word_1_96' title='bbox 1126 1713 1197 1758; x_wconf 89' lang='lat' dir='ltr'>mo·</span> 
     </span>
     <span class='ocr_line' id='line_1_14' title="bbox 126 1784 1197 1889; baseline 0.011 -35"><span class='ocrx_word' id='word_1_97' title='bbox 126 1785 316 1875; x_wconf 86' lang='lat' dir='ltr'>dularetur‚</span> <span class='ocrx_word' id='word_1_98' title='bbox 340 1800 447 1856; x_wconf 91' lang='lat' dir='ltr'>totum</span> <span class='ocrx_word' id='word_1_99' title='bbox 481 1787 545 1858; x_wconf 88' lang='lat' dir='ltr'>hoe</span> <span class='ocrx_word' id='word_1_100' title='bbox 570 1785 667 1856; x_wconf 88' lang='lat' dir='ltr'>simul</span> <span class='ocrx_word' id='word_1_101' title='bbox 694 1784 814 1880; x_wconf 82' lang='grc' dir='ltr'><strong>χορικὸν</strong></span> <span class='ocrx_word' id='word_1_102' title='bbox 839 1786 1042 1884; x_wconf 83' lang='lat' dir='ltr'>appellatur,</span> <span class='ocrx_word' id='word_1_103' title='bbox 1064 1795 1197 1889; x_wconf 91' lang='lat' dir='ltr'>quaudo</span> 
     </span>
     <span class='ocr_line' id='line_1_15' title="bbox 126 1893 1198 1990; baseline 0.009 -28"><span class='ocrx_word' id='word_1_104' title='bbox 126 1893 312 1963; x_wconf 81' lang='lat' dir='ltr'>Comoediae</span> <span class='ocrx_word' id='word_1_105' title='bbox 328 1908 458 1988; x_wconf 92' lang='lat' dir='ltr'>partem</span> <span class='ocrx_word' id='word_1_106' title='bbox 471 1893 624 1964; x_wconf 88' lang='lat' dir='ltr'>volumus</span> <span class='ocrx_word' id='word_1_107' title='bbox 639 1897 824 1988; x_wconf 84' lang='lat' dir='ltr'>assignare3</span> <span class='ocrx_word' id='word_1_108' title='bbox 838 1909 982 1988; x_wconf 90' lang='lat' dir='ltr'>quatuor</span> <span class='ocrx_word' id='word_1_109' title='bbox 998 1899 1085 1968; x_wconf 89' lang='lat' dir='ltr'>enim</span> <span class='ocrx_word' id='word_1_110' title='bbox 1103 1917 1198 1990; x_wconf 89' lang='lat' dir='ltr'>sunt,</span> 
     </span>
     <span class='ocr_line' id='line_1_16' title="bbox 129 1998 1198 2103; baseline 0.01 -36"><span class='ocrx_word' id='word_1_111' title='bbox 129 1998 282 2070; x_wconf 82' lang='lat' dir='ltr'>videlicet</span> <span class='ocrx_word' id='word_1_112' title='bbox 298 2001 466 2095; x_wconf 78' lang='grc' dir='ltr'><strong>πρόλογος,</strong></span> <span class='ocrx_word' id='word_1_113' title='bbox 484 2002 542 2095; x_wconf 88' lang='lat' dir='ltr'>qui</span> <span class='ocrx_word' id='word_1_114' title='bbox 562 1999 604 2070; x_wconf 89' lang='lat' dir='ltr'>ad</span> <span class='ocrx_word' id='word_1_115' title='bbox 618 2023 788 2095; x_wconf 83' lang='lat' dir='ltr'>egressum</span> <span class='ocrx_word' id='word_1_116' title='bbox 803 2023 908 2094; x_wconf 85' lang='lat' dir='ltr'>usque</span> <span class='ocrx_word' id='word_1_117' title='bbox 926 2001 1020 2071; x_wconf 91' lang='lat' dir='ltr'>chori</span> <span class='ocrx_word' id='word_1_118' title='bbox 1038 2030 1198 2103; x_wconf 82' lang='lat' dir='ltr'>proroga·</span> 
     </span>
     <span class='ocr_line' id='line_1_17' title="bbox 127 2105 1197 2202; baseline 0.005 -27"><span class='ocrx_word' id='word_1_119' title='bbox 127 2119 205 2175; x_wconf 89' lang='lat' dir='ltr'>tur:</span> <span class='ocrx_word' id='word_1_120' title='bbox 226 2105 346 2175; x_wconf 90' lang='lat' dir='ltr'>deiude</span> <span class='ocrx_word' id='word_1_121' title='bbox 366 2108 488 2202; x_wconf 77' lang='grc' dir='ltr'><strong>χορικὸν</strong></span> <span class='ocrx_word' id='word_1_122' title='bbox 503 2131 511 2175; x_wconf 90' lang='lat'><strong>:</strong></span> <span class='ocrx_word' id='word_1_123' title='bbox 526 2120 577 2194; x_wconf 88' lang='lat' dir='ltr'>et,</span> <span class='ocrx_word' id='word_1_124' title='bbox 590 2106 681 2201; x_wconf 89' lang='lat' dir='ltr'>quod</span> <span class='ocrx_word' id='word_1_125' title='bbox 697 2108 919 2200; x_wconf 89' lang='lat' dir='ltr'>interponitur</span> <span class='ocrx_word' id='word_1_126' title='bbox 938 2107 1065 2198; x_wconf 84' lang='lat' dir='ltr'>choris,</span> <span class='ocrx_word' id='word_1_127' title='bbox 1082 2115 1197 2180; x_wconf 80' lang='grc' dir='ltr'><strong>ἐπεισό-</strong></span> 
     </span>
     <span class='ocr_line' id='line_1_18' title="bbox 127 2202 1197 2308; baseline 0.011 -30"><span class='ocrx_word' id='word_1_128' title='bbox 127 2202 195 2280; x_wconf 79' lang='grc' dir='ltr'><strong>διον</strong></span> <span class='ocrx_word' id='word_1_129' title='bbox 213 2238 221 2280; x_wconf 89' lang='lat'>:</span> <span class='ocrx_word' id='word_1_130' title='bbox 241 2227 409 2308; x_wconf 90' lang='lat' dir='ltr'>postremo</span> <span class='ocrx_word' id='word_1_131' title='bbox 427 2203 551 2300; x_wconf 74' lang='grc' dir='ltr'><strong>ἔξοδος,</strong></span> <span class='ocrx_word' id='word_1_132' title='bbox 563 2237 637 2308; x_wconf 81' lang='lat' dir='ltr'>quae</span> <span class='ocrx_word' id='word_1_133' title='bbox 658 2211 783 2282; x_wconf 85' lang='lat' dir='ltr'>scilicet</span> <span class='ocrx_word' id='word_1_134' title='bbox 802 2237 823 2282; x_wconf 87' lang='lat' dir='ltr'>a</span> <span class='ocrx_word' id='word_1_135' title='bbox 840 2211 944 2282; x_wconf 90' lang='lat' dir='ltr'>choro</span> <span class='ocrx_word' id='word_1_136' title='bbox 963 2215 997 2283; x_wconf 91' lang='lat' dir='ltr'>in</span> <span class='ocrx_word' id='word_1_137' title='bbox 1014 2215 1105 2286; x_wconf 83' lang='lat' dir='ltr'>ealce</span> <span class='ocrx_word' id='word_1_138' title='bbox 1125 2221 1197 2289; x_wconf 90' lang='lat' dir='ltr'>Co-</span> 
     </span>
     <span class='ocr_line' id='line_1_19' title="bbox 127 2317 1197 2417; baseline 0.007 -30"><span class='ocrx_word' id='word_1_139' title='bbox 127 2317 258 2388; x_wconf 80' lang='lat' dir='ltr'>moediae</span> <span class='ocrx_word' id='word_1_140' title='bbox 281 2321 534 2414; x_wconf 82' lang='lat' dir='ltr'>pronuntiatur,</span> <span class='ocrx_word' id='word_1_141' title='bbox 556 2334 595 2388; x_wconf 91' lang='lat' dir='ltr'>ut</span> <span class='ocrx_word' id='word_1_142' title='bbox 613 2317 731 2390; x_wconf 83' lang='lat' dir='ltr'>Pollux</span> <span class='ocrx_word' id='word_1_143' title='bbox 751 2321 784 2388; x_wconf 92' lang='lat' dir='ltr'>in</span> <span class='ocrx_word' id='word_1_144' title='bbox 802 2333 923 2415; x_wconf 90' lang='lat' dir='ltr'>quarto</span> <span class='ocrx_word' id='word_1_145' title='bbox 946 2321 1106 2417; x_wconf 88' lang='lat' dir='ltr'>scripturn</span> <span class='ocrx_word' id='word_1_146' title='bbox 1124 2324 1197 2395; x_wconf 88' lang='lat' dir='ltr'>reli·</span> 
     </span>
    </p>
   </div>
   <div class='ocr_carea' id='block_1_3' title="bbox 125 2419 1198 2734">
    <p class='ocr_par' dir='ltr' id='par_1_3' title="bbox 125 2419 1198 2734">
     <span class='ocr_line' id='line_1_20' title="bbox 125 2419 1198 2520; baseline 0.009 -28"><span class='ocrx_word' id='word_1_147' title='bbox 125 2427 212 2519; x_wconf 83' lang='lat' dir='ltr'>quit</span> <span class='ocrx_word' id='word_1_148' title='bbox 239 2427 288 2494; x_wconf 84' lang='lat' dir='ltr'>Ea</span> <span class='ocrx_word' id='word_1_149' title='bbox 314 2427 415 2520; x_wconf 86' lang='lat' dir='ltr'>igitur</span> <span class='ocrx_word' id='word_1_150' title='bbox 446 2419 636 2519; x_wconf 71' lang='grc' dir='ltr'><strong>παροὶὅασις,</strong></span> <span class='ocrx_word' id='word_1_151' title='bbox 667 2440 802 2495; x_wconf 88' lang='lat' dir='ltr'>auctore</span> <span class='ocrx_word' id='word_1_152' title='bbox 828 2427 1002 2496; x_wconf 86' lang='lat' dir='ltr'>Demetrio</span> <span class='ocrx_word' id='word_1_153' title='bbox 1024 2429 1198 2520; x_wconf 88' lang='lat' dir='ltr'>Triclinio,</span> 
     </span>
     <span class='ocr_line' id='line_1_21' title="bbox 125 2530 1196 2632; baseline 0.009 -33"><span class='ocrx_word' id='word_1_154' title='bbox 125 2555 202 2626; x_wconf 79' lang='lat' dir='ltr'>quae</span> <span class='ocrx_word' id='word_1_155' title='bbox 217 2530 324 2602; x_wconf 88' lang='lat' dir='ltr'>nullas</span> <span class='ocrx_word' id='word_1_156' title='bbox 339 2532 459 2600; x_wconf 89' lang='lat' dir='ltr'>harum</span> <span class='ocrx_word' id='word_1_157' title='bbox 475 2546 585 2625; x_wconf 90' lang='lat' dir='ltr'>partes</span> <span class='ocrx_word' id='word_1_158' title='bbox 601 2534 742 2617; x_wconf 88' lang='lat' dir='ltr'>omittit,</span> <span class='ocrx_word' id='word_1_159' title='bbox 761 2530 909 2626; x_wconf 82' lang='lat' dir='ltr'>perfecta</span> <span class='ocrx_word' id='word_1_160' title='bbox 924 2530 1008 2602; x_wconf 88' lang='lat' dir='ltr'>solet</span> <span class='ocrx_word' id='word_1_161' title='bbox 1021 2535 1196 2632; x_wconf 89' lang='lat' dir='ltr'>appellari:</span> 
     </span>
     <span class='ocr_line' id='line_1_22' title="bbox 125 2635 1197 2734; baseline 0.01 -29"><span class='ocrx_word' id='word_1_162' title='bbox 125 2635 259 2732; x_wconf 86' lang='lat' dir='ltr'>qualem</span> <span class='ocrx_word' id='word_1_163' title='bbox 293 2637 530 2733; x_wconf 79' lang='lat' dir='ltr'>Aristophanes</span> <span class='ocrx_word' id='word_1_164' title='bbox 555 2639 590 2707; x_wconf 92' lang='lat' dir='ltr'>in</span> <span class='ocrx_word' id='word_1_165' title='bbox 613 2638 791 2734; x_wconf 89' lang='lat' dir='ltr'>Equitibus</span> <span class='ocrx_word' id='word_1_166' title='bbox 822 2637 949 2708; x_wconf 82' lang='lat' dir='ltr'>Fabula</span> <span class='ocrx_word' id='word_1_167' title='bbox 976 2643 1197 2716; x_wconf 77' lang='lat' dir='ltr'>concinnavit</span> 
     </span>
    </p>
   </div>
   <div class='ocr_carea' id='block_1_4' title="bbox 124 2742 1200 3481">
    <p class='ocr_par' dir='ltr' id='par_1_4' title="bbox 124 2742 1200 3481">
     <span class='ocr_line' id='line_1_23' title="bbox 125 2742 1200 2841; baseline 0.009 -29"><span class='ocrx_word' id='word_1_168' title='bbox 125 2745 258 2814; x_wconf 87' lang='lat' dir='ltr'>Verum</span> <span class='ocrx_word' id='word_1_169' title='bbox 274 2742 462 2840; x_wconf 90' lang='lat' dir='ltr'>complures</span> <span class='ocrx_word' id='word_1_170' title='bbox 482 2743 675 2839; x_wconf 87' lang='lat' dir='ltr'>imperfecte</span> <span class='ocrx_word' id='word_1_171' title='bbox 694 2768 757 2839; x_wconf 92' lang='lat' dir='ltr'>pro</span> <span class='ocrx_word' id='word_1_172' title='bbox 773 2745 909 2814; x_wconf 87' lang='lat' dir='ltr'>arbitrio</span> <span class='ocrx_word' id='word_1_173' title='bbox 925 2761 1100 2841; x_wconf 86' lang='lat' dir='ltr'>poetarum</span> <span class='ocrx_word' id='word_1_174' title='bbox 1118 2753 1200 2822; x_wconf 78' lang='lat' dir='ltr'>inse</span> 
     </span>
     <span class='ocr_line' id='line_1_24' title="bbox 125 2848 1197 2946; baseline 0.009 -28"><span class='ocrx_word' id='word_1_175' title='bbox 125 2863 271 2918; x_wconf 87' lang='lat' dir='ltr'>ruotur:</span> <span class='ocrx_word' id='word_1_176' title='bbox 290 2850 325 2920; x_wconf 92' lang='lat' dir='ltr'>id</span> <span class='ocrx_word' id='word_1_177' title='bbox 339 2849 430 2946; x_wconf 90' lang='lat' dir='ltr'>quod</span> <span class='ocrx_word' id='word_1_178' title='bbox 445 2849 534 2920; x_wconf 89' lang='lat' dir='ltr'>idern</span> <span class='ocrx_word' id='word_1_179' title='bbox 553 2852 587 2920; x_wconf 92' lang='lat' dir='ltr'>iu</span> <span class='ocrx_word' id='word_1_180' title='bbox 602 2849 741 2922; x_wconf 88' lang='lat' dir='ltr'>Nebulis</span> <span class='ocrx_word' id='word_1_181' title='bbox 757 2848 884 2930; x_wconf 85' lang='lat' dir='ltr'>Fabula</span> <span class='ocrx_word' id='word_1_182' title='bbox 898 2850 977 2921; x_wconf 82' lang='lat' dir='ltr'>fecit</span> <span class='ocrx_word' id='word_1_183' title='bbox 991 2876 1000 2922; x_wconf 76' lang='grc' dir='ltr'><strong><em>ε</em></strong></span> <span class='ocrx_word' id='word_1_184' title='bbox 1014 2855 1073 2924; x_wconf 92' lang='lat' dir='ltr'>ubi</span> <span class='ocrx_word' id='word_1_185' title='bbox 1089 2854 1197 2928; x_wconf 89' lang='lat' dir='ltr'>solum</span> 
     </span>
     <span class='ocr_line' id='line_1_25' title="bbox 124 2956 1197 3054; baseline 0.01 -31"><span class='ocrx_word' id='word_1_186' title='bbox 124 2956 301 3051; x_wconf 73' lang='grc' dir='ltr'><strong>ἐπίρρημα,</strong></span> <span class='ocrx_word' id='word_1_187' title='bbox 332 2956 424 3052; x_wconf 90' lang='lat' dir='ltr'>quod</span> <span class='ocrx_word' id='word_1_188' title='bbox 449 2971 535 3026; x_wconf 89' lang='lat' dir='ltr'>esset</span> <span class='ocrx_word' id='word_1_189' title='bbox 568 2959 653 3026; x_wconf 87' lang='lat' dir='ltr'>vitiis</span> <span class='ocrx_word' id='word_1_190' title='bbox 687 2956 862 3051; x_wconf 84' lang='lat' dir='ltr'>carpendis</span> <span class='ocrx_word' id='word_1_191' title='bbox 887 2960 1197 3054; x_wconf 86' lang='lat' dir='ltr'>accommodatum,</span> 
     </span>
     <span class='ocr_line' id='line_1_26' title="bbox 124 3062 1194 3160; baseline 0.01 -30"><span class='ocrx_word' id='word_1_192' title='bbox 124 3062 275 3148; x_wconf 83' lang='lat' dir='ltr'>induxit,</span> <span class='ocrx_word' id='word_1_193' title='bbox 298 3089 337 3133; x_wconf 88' lang='lat' dir='ltr'>ac</span> <span class='ocrx_word' id='word_1_194' title='bbox 361 3066 395 3132; x_wconf 92' lang='lat' dir='ltr'>in</span> <span class='ocrx_word' id='word_1_195' title='bbox 418 3064 522 3132; x_wconf 88' lang='lat' dir='ltr'>Ranis</span> <span class='ocrx_word' id='word_1_196' title='bbox 542 3078 687 3158; x_wconf 89' lang='lat' dir='ltr'>quatuor</span> <span class='ocrx_word' id='word_1_197' title='bbox 710 3062 765 3132; x_wconf 86' lang='lat' dir='ltr'>illa</span> <span class='ocrx_word' id='word_1_198' title='bbox 790 3077 919 3134; x_wconf 86' lang='lat' dir='ltr'>tantum</span> <span class='ocrx_word' id='word_1_199' title='bbox 942 3066 1118 3160; x_wconf 86' lang='lat' dir='ltr'>conjuncte</span> <span class='ocrx_word' id='word_1_200' title='bbox 1144 3095 1194 3141; x_wconf 89' lang='lat' dir='ltr'>re·</span> 
     </span>
     <span class='ocr_line' id='line_1_27' title="bbox 125 3169 1198 3274; baseline 0.007 -37"><span class='ocrx_word' id='word_1_201' title='bbox 125 3171 249 3264; x_wconf 87' lang='lat' dir='ltr'>posuit.</span> <span class='ocrx_word' id='word_1_202' title='bbox 270 3171 336 3240; x_wconf 87' lang='lat' dir='ltr'>Sed</span> <span class='ocrx_word' id='word_1_203' title='bbox 356 3169 438 3238; x_wconf 92' lang='lat' dir='ltr'>illud</span> <span class='ocrx_word' id='word_1_204' title='bbox 461 3183 510 3239; x_wconf 91' lang='lat' dir='ltr'>est</span> <span class='ocrx_word' id='word_1_205' title='bbox 532 3169 816 3239; x_wconf 88' lang='lat' dir='ltr'>animadversione</span> <span class='ocrx_word' id='word_1_206' title='bbox 837 3170 995 3266; x_wconf 84' lang='lat' dir='ltr'>dignum,</span> <span class='ocrx_word' id='word_1_207' title='bbox 1011 3175 1102 3268; x_wconf 89' lang='lat' dir='ltr'>quod</span> <span class='ocrx_word' id='word_1_208' title='bbox 1119 3177 1198 3274; x_wconf 74' lang='grc' dir='ltr'><strong>ἐπίρ-</strong></span> 
     </span>
     <span class='ocr_line' id='line_1_28' title="bbox 125 3273 1196 3374; baseline 0.008 -31"><span class='ocrx_word' id='word_1_209' title='bbox 125 3280 212 3370; x_wconf 74' lang='grc' dir='ltr'><strong>ρημα</strong></span> <span class='ocrx_word' id='word_1_210' title='bbox 235 3289 269 3345; x_wconf 90' lang='lat' dir='ltr'>et</span> <span class='ocrx_word' id='word_1_211' title='bbox 287 3279 405 3372; x_wconf 80' lang='grc' dir='ltr'><strong>στροφὴ</strong></span> <span class='ocrx_word' id='word_1_212' title='bbox 423 3277 493 3345; x_wconf 89' lang='lat' dir='ltr'>sive</span> <span class='ocrx_word' id='word_1_213' title='bbox 508 3278 619 3370; x_wconf 72' lang='grc' dir='ltr'><strong>μέλος,</strong></span> <span class='ocrx_word' id='word_1_214' title='bbox 640 3273 774 3372; x_wconf 57' lang='lat' dir='ltr'>wando</span> <span class='ocrx_word' id='word_1_215' title='bbox 788 3275 913 3346; x_wconf 83' lang='lat' dir='ltr'>nullam</span> <span class='ocrx_word' id='word_1_216' title='bbox 932 3278 1196 3374; x_wconf 70' lang='grc' dir='ltr'><strong>ἀντεπιρρνςματος</strong></span> 
     </span>
     <span class='ocr_line' id='line_1_29' title="bbox 124 3381 1195 3481; baseline 0.008 -31"><span class='ocrx_word' id='word_1_217' title='bbox 124 3396 186 3450; x_wconf 88' lang='lat' dir='ltr'>aut</span> <span class='ocrx_word' id='word_1_218' title='bbox 198 3382 401 3478; x_wconf 77' lang='grc' dir='ltr'><strong>ἀντιστρόφου</strong></span> <span class='ocrx_word' id='word_1_219' title='bbox 419 3381 613 3452; x_wconf 79' lang='lat' dir='ltr'>reditionem</span> <span class='ocrx_word' id='word_1_220' title='bbox 628 3398 839 3478; x_wconf 86' lang='lat' dir='ltr'>exspectant,</span> <span class='ocrx_word' id='word_1_221' title='bbox 856 3385 890 3452; x_wconf 92' lang='lat' dir='ltr'>in</span> <span class='ocrx_word' id='word_1_222' title='bbox 902 3383 969 3452; x_wconf 83' lang='lat' dir='ltr'>fine</span> <span class='ocrx_word' id='word_1_223' title='bbox 989 3409 1120 3481; x_wconf 85' lang='lat' dir='ltr'>semper</span> <span class='ocrx_word' id='word_1_224' title='bbox 1136 3388 1195 3460; x_wconf 88' lang='lat' dir='ltr'>ba·</span> 
     </span>
    </p>
   </div>
   <div class='ocr_carea' id='block_1_5' title="bbox 125 3487 1264 3586">
    <p class='ocr_par' dir='ltr' id='par_1_5' title="bbox 125 3487 1264 3586">
     <span class='ocr_line' id='line_1_30' title="bbox 125 3487 1264 3586; baseline 0.008 -28"><span class='ocrx_word' id='word_1_225' title='bbox 125 3487 209 3558; x_wconf 90' lang='lat' dir='ltr'>bent</span> <span class='ocrx_word' id='word_1_226' title='bbox 223 3489 439 3586; x_wconf 77' lang='grc' dir='ltr'><strong>παράγραφον,</strong></span> <span class='ocrx_word' id='word_1_227' title='bbox 457 3503 494 3558; x_wconf 93' lang='lat' dir='ltr'>ut</span> <span class='ocrx_word' id='word_1_228' title='bbox 516 3514 585 3558; x_wconf 93' lang='lat' dir='ltr'>non</span> <span class='ocrx_word' id='word_1_229' title='bbox 606 3513 678 3558; x_wconf 86' lang='lat' dir='ltr'>esse</span> <span class='ocrx_word' id='word_1_230' title='bbox 695 3490 899 3586; x_wconf 82' lang='grc' dir='ltr'><strong>κατάσχεσιν,</strong></span> <span class='ocrx_word' id='word_1_231' title='bbox 915 3489 949 3558; x_wconf 93' lang='lat' dir='ltr'>id</span> <span class='ocrx_word' id='word_1_232' title='bbox 970 3505 1037 3577; x_wconf 88' lang='lat' dir='ltr'>est,</span> <span class='ocrx_word' id='word_1_233' title='bbox 1052 3494 1195 3567; x_wconf 87' lang='lat' dir='ltr'>obnoxie</span> <span class='ocrx_word' id='word_1_234' title='bbox 1262 3515 1264 3522; x_wconf 81' lang='grc'><em>’</em></span> 
     </span>
    </p>
   </div>
   <div class='ocr_carea' id='block_1_6' title="bbox 125 3595 1197 3690">
    <p class='ocr_par' dir='ltr' id='par_1_6' title="bbox 125 3595 1197 3690">
     <span class='ocr_line' id='line_1_31' title="bbox 125 3595 1197 3690; baseline 0.008 -26"><span class='ocrx_word' id='word_1_235' title='bbox 125 3596 235 3690; x_wconf 90' lang='lat' dir='ltr'>posita</span> <span class='ocrx_word' id='word_1_236' title='bbox 268 3596 444 3666; x_wconf 86' lang='lat' dir='ltr'>videantur</span> <span class='ocrx_word' id='word_1_237' title='bbox 465 3619 474 3662; x_wconf 91' lang='lat'>:</span> <span class='ocrx_word' id='word_1_238' title='bbox 497 3595 763 3690; x_wconf 88' lang='lat' dir='ltr'>quandoquidem</span> <span class='ocrx_word' id='word_1_239' title='bbox 790 3596 861 3666; x_wconf 85' lang='lat' dir='ltr'>haec</span> <span class='ocrx_word' id='word_1_240' title='bbox 890 3595 975 3665; x_wconf 89' lang='lat' dir='ltr'>linea</span> <span class='ocrx_word' id='word_1_241' title='bbox 1008 3613 1197 3676; x_wconf 86' lang='lat' dir='ltr'>transversa</span> 
     </span>
    </p>
   </div>
   <div class='ocr_carea' id='block_1_7' title="bbox 124 3700 1240 3797">
    <p class='ocr_par' dir='ltr' id='par_1_7' title="bbox 124 3700 1240 3797">
     <span class='ocr_line' id='line_1_32' title="bbox 124 3700 1240 3797; baseline 0.009 -27"><span class='ocrx_word' id='word_1_242' title='bbox 124 3702 327 3796; x_wconf 78' lang='grc' dir='ltr'><strong>παράγραφος</strong></span> <span class='ocrx_word' id='word_1_243' title='bbox 340 3700 481 3787; x_wconf 89' lang='lat' dir='ltr'>scilicet,</span> <span class='ocrx_word' id='word_1_244' title='bbox 496 3704 560 3771; x_wconf 90' lang='lat' dir='ltr'>tria</span> <span class='ocrx_word' id='word_1_245' title='bbox 572 3701 725 3797; x_wconf 80' lang='lat' dir='ltr'>illa,quae</span> <span class='ocrx_word' id='word_1_246' title='bbox 735 3702 893 3788; x_wconf 83' lang='lat' dir='ltr'>diximus,</span> <span class='ocrx_word' id='word_1_247' title='bbox 905 3703 991 3771; x_wconf 90' lang='lat' dir='ltr'>inter</span> <span class='ocrx_word' id='word_1_248' title='bbox 1003 3729 1037 3773; x_wconf 90' lang='lat' dir='ltr'>se</span> <span class='ocrx_word' id='word_1_249' title='bbox 1052 3707 1196 3779; x_wconf 83' lang='lat' dir='ltr'>discreta</span> <span class='ocrx_word' id='word_1_250' title='bbox 1233 3719 1240 3744; x_wconf 79' lang='lat'><strong><em>‘</em></strong></span> 
     </span>
    </p>
   </div>
   <div class='ocr_carea' id='block_1_8' title="bbox 124 3807 1197 4118">
    <p class='ocr_par' dir='ltr' id='par_1_8' title="bbox 124 3807 1197 4118">
     <span class='ocr_line' id='line_1_33' title="bbox 125 3807 1197 3903; baseline 0.008 -26"><span class='ocrx_word' id='word_1_251' title='bbox 125 3810 286 3878; x_wconf 85' lang='lat' dir='ltr'>continuo</span> <span class='ocrx_word' id='word_1_252' title='bbox 311 3807 447 3879; x_wconf 84' lang='lat' dir='ltr'>claudit.</span> <span class='ocrx_word' id='word_1_253' title='bbox 463 3811 608 3893; x_wconf 90' lang='lat' dir='ltr'>Verum,</span> <span class='ocrx_word' id='word_1_254' title='bbox 633 3810 660 3877; x_wconf 84' lang='lat' dir='ltr'>si</span> <span class='ocrx_word' id='word_1_255' title='bbox 682 3809 830 3878; x_wconf 83' lang='lat' dir='ltr'>futuram</span> <span class='ocrx_word' id='word_1_256' title='bbox 853 3825 1047 3903; x_wconf 76' lang='lat' dir='ltr'>exspectant</span> <span class='ocrx_word' id='word_1_257' title='bbox 1068 3814 1197 3886; x_wconf 80' lang='lat' dir='ltr'>reditio</span> 
     </span>
     <span class='ocr_line' id='line_1_34' title="bbox 125 3912 1196 4016; baseline 0.007 -34"><span class='ocrx_word' id='word_1_258' title='bbox 125 3937 223 4002; x_wconf 88' lang='lat' dir='ltr'>nem,</span> <span class='ocrx_word' id='word_1_259' title='bbox 239 3918 356 4008; x_wconf 77' lang='grc' dir='ltr'><strong>στροφὴ</strong></span> <span class='ocrx_word' id='word_1_260' title='bbox 376 3931 448 3985; x_wconf 91' lang='lat' dir='ltr'>tum</span> <span class='ocrx_word' id='word_1_261' title='bbox 464 3915 536 3984; x_wconf 84' lang='lat' dir='ltr'>haec</span> <span class='ocrx_word' id='word_1_262' title='bbox 552 3912 654 4002; x_wconf 85' lang='lat' dir='ltr'>linea,</span> <span class='ocrx_word' id='word_1_263' title='bbox 667 3940 770 4011; x_wconf 89' lang='lat' dir='ltr'>quum</span> <span class='ocrx_word' id='word_1_264' title='bbox 787 3939 856 3984; x_wconf 91' lang='lat' dir='ltr'>non</span> <span class='ocrx_word' id='word_1_265' title='bbox 872 3939 966 3985; x_wconf 87' lang='lat' dir='ltr'>secus</span> <span class='ocrx_word' id='word_1_266' title='bbox 981 3941 1020 3987; x_wconf 88' lang='lat' dir='ltr'>ac</span> <span class='ocrx_word' id='word_1_267' title='bbox 1033 3921 1196 4016; x_wconf 71' lang='grc' dir='ltr'><strong>ἐπίρρημα,</strong></span> 
     </span>
     <span class='ocr_line' id='line_1_35' title="bbox 124 4019 1196 4118; baseline 0.01 -30"><span class='ocrx_word' id='word_1_268' title='bbox 124 4019 256 4092; x_wconf 84' lang='lat' dir='ltr'>duabus</span> <span class='ocrx_word' id='word_1_269' title='bbox 278 4019 350 4092; x_wconf 82' lang='lat' dir='ltr'>aliis</span> <span class='ocrx_word' id='word_1_270' title='bbox 367 4023 575 4109; x_wconf 87' lang='lat' dir='ltr'>terminatur,</span> <span class='ocrx_word' id='word_1_271' title='bbox 592 4045 735 4117; x_wconf 87' lang='lat' dir='ltr'>quarum</span> <span class='ocrx_word' id='word_1_272' title='bbox 752 4023 943 4091; x_wconf 86' lang='lat' dir='ltr'>coeuntium</span> <span class='ocrx_word' id='word_1_273' title='bbox 963 4024 1105 4118; x_wconf 85' lang='lat' dir='ltr'>angulus</span> <span class='ocrx_word' id='word_1_274' title='bbox 1119 4051 1196 4099; x_wconf 87' lang='lat' dir='ltr'>ver·</span> 
     </span>
    </p>
   </div>
   <div class='ocr_carea' id='block_1_9' title="bbox 1361 2871 1371 2914">
    <p class='ocr_par' dir='ltr' id='par_1_9' title="bbox 1361 2871 1371 2914">
     <span class='ocr_line' id='line_1_36' title="bbox 1361 2871 1371 2914; baseline 0 0"><span class='ocrx_word' id='word_1_275' title='bbox 1361 2871 1371 2914; x_wconf 74' lang='lat' dir='ltr'>t</span> 
     </span>
    </p>
   </div>
   <div class='ocr_carea' id='block_1_10' title="bbox 0 0 1450 4866">
    <p class='ocr_par' dir='ltr' id='par_1_10' title="bbox 0 0 1450 4866">
     <span class='ocr_line' id='line_1_37' title="bbox 0 0 1450 4866; baseline 0 0"><span class='ocrx_word' id='word_1_276' title='bbox 0 0 1450 4866; x_wconf 95' lang='lat' dir='ltr'> </span> 
     </span>
    </p>
   </div>
  </div>
 </body>
</html>
