3014 4872
234 430 243 461 ι
276 415 356 472 mn
605 401 857 478 TERENTII
884 407 1020 476 VITA.

144 529 151 546 ⁸
224 583 232 592 -
350 552 503 627 lentusque
516 549 654 611 Chremes
667 551 777 611 tmnido
791 551 921 630 delitigat
930 569 991 612 ore.

265 689 411 762 Nomina
428 706 539 764 autern
566 693 784 785 Fabularum,
803 699 872 766 sive
894 695 1057 766 librorum
1082 693 1182 791 hujus
1207 701 1342 770 Comici

265 814 343 867 sunt
355 800 432 868 ista:
444 801 588 886 Andria,
602 805 801 892 Eunuchus,
812 805 1224 894 Heautontimorumenos,
1234 805 1336 876 Adel·

273 901 370 1000 phoe,
387 909 532 1004 Hecyra,
549 906 717 980 Phormio.

447 1153 582 1242 PUB.
621 1153 938 1246 TERENTII
979 1151 1160 1268 VITA,

481 1375 544 1444 oo
557 1376 708 1448 oreris
722 1377 765 1445 n.
780 1378 815 1458 r,
830 1376 1128 1465 reaumaus,

270 1605 350 1667 ΟΠΞ
371 1605 433 1654 EST
452 1607 490 1656 IN
509 1603 679 1656 EDITIOIOE
697 1604 966 1674 uentotnnxrtul
989 1607 1078 1656 ANNI
1100 1606 1341 1658 HGCGGffiVt·

319 1801 379 1868 -Du
397 1799 544 1876 Terentii
563 1800 633 1870 vita
653 1799 687 1868 in
709 1798 850 1892 antiquis
871 1797 963 1868 libris
982 1796 1088 1868 multa
1111 1799 1343 1894 reperiuntur;

268 1903 364 2000 plura
382 1905 482 1975 etiam
500 1906 534 1974 in
554 1905 740 1992 modernis,
758 1905 881 2000 scripta
896 1929 956 1999 per
972 1905 1082 1976 varios
1103 1904 1339 1992 scholasticos,

269 2035 381 2082 rerum
394 2013 547 2106 ignaros:
563 2037 669 2107 eoque
685 2011 770 2081 veris
785 2010 867 2082 falsa
883 2011 1073 2082 miscentur.
1090 2009 1177 2082 Illud
1192 2013 1340 2107 primum

270 2119 318 2192 rei
343 2119 445 2190 totius
469 2118 731 2190 fundumentum.
755 2117 856 2188 Multi
877 2134 1008 2213 ponunt
1031 2119 1339 2215 Carthaginiensem

270 2225 376 2320 putria
391 2225 490 2296 husae
498 2226 699 2296 Terentium.
715 2224 818 2316 Quod
830 2224 922 2293 haud
933 2224 1032 2294 dubie
1044 2249 1161 2294 verum
1172 2240 1240 2312 est,
1253 2226 1339 2296 sicut

268 2331 475 2426 epitaphium
487 2331 559 2424 ejus
572 2329 661 2404 clare
673 2331 806 2402 indicat.
819 2332 984 2422 Quamvis
999 2332 1065 2402 hoc
1083 2333 1191 2428 ipsum
1204 2331 1339 2426 quidam

269 2452 412 2532 negent,
428 2451 467 2507 ut
484 2436 621 2508 inferius
642 2439 777 2532 patebit.
795 2439 961 2510 Caeterum
978 2452 1030 2524 et,
1041 2440 1100 2533 qui
1119 2439 1185 2510 hoc
1203 2438 1339 2526 dicunt,

270 2567 352 2612 vero
367 2543 445 2614 huic
467 2541 586 2614 falsum
610 2543 692 2614 illud
713 2543 894 2639 implicant.
919 2546 1048 2615 Dicunt
1070 2545 1159 2614 enim
1176 2545 1339 2640 vScipione

268 2652 411 2720 Romam
417 2663 604 2720 revertente
613 2675 728 2722 eversa
736 2651 950 2747 Carthagine,
957 2652 1131 2722 interfecto
1138 2649 1336 2738 Hannibale,

269 2755 362 2826 hunc
380 2757 572 2828 Terentium
582 2758 668 2828 inter
681 2759 966 2853 eeterosoaptivos
975 2756 1121 2828 solutum
1136 2773 1170 2828 et
1180 2757 1338 2854 pileatum

266 2864 437 2934 incessisse
446 2863 522 2958 pos't
530 2864 765 2960 triumphalem
775 2866 938 2960 Scipionis
945 2889 1090 2936 currum.
1099 2865 1185 2955 Qum
1193 2863 1338 2934 resmul-

271 2968 427 3065 tipliciter
443 2992 464 3038 a
478 2972 618 3040 veritate
634 2987 831 3040 semotaest.
846 2974 934 3042 Nam
947 2971 984 3040 in
999 2973 1116 3065 primis
1129 2972 1243 3064 Scipio
1254 2973 1338 3044 Car·

268 3076 437 3171 thaginem
462 3074 595 3169 quidem
614 3077 710 3159 vicit,
733 3091 767 3146 et
786 3076 995 3146 tributariam
1019 3077 1113 3165 fecit,
1135 3102 1204 3146 non
1219 3077 1339 3146 evertit

267 3197 379 3252 mmen
394 3184 501 3277 ipsam
518 3181 777 3278 Carthaginem
795 3183 853 3252 sed
863 3208 966 3278 nepos
984 3184 1054 3277 ejus
1063 3182 1250 3278 adoptivus,
1257 3183 1339 3252 Afri·

268 3313 371 3359 canus
383 3289 502 3357 minor.
518 3287 738 3358 Hannibalem
753 3305 912 3383 preterea
928 3287 1115 3378 bellovicit,
1129 3290 1338 3386 fugavitque,

271 3395 328 3467 sed
341 3418 550 3490 nequaquam
561 3392 736 3466 interfecit.
751 3397 881 3491 Nempe
894 3397 951 3492 qui
964 3396 1072 3464 victus
1088 3397 1122 3464 in
1134 3397 1244 3465 Asiam
1261 3421 1337 3489 pro·

268 3503 372 3597 fugit,
389 3515 424 3572 et
442 3501 504 3571 sub
524 3502 691 3572 Antiocho
712 3527 790 3596 rege
803 3504 904 3596 Syriae
921 3501 1065 3572 militans
1082 3501 1219 3571 oonsilio
1238 3516 1338 3596 atqua

272 3631 374 3703 opera
384 3631 450 3677 sua
465 3623 499 3678 et
514 3609 599 3703 regis
617 3611 767 3704 potentia
791 3631 916 3678 novum
941 3631 1017 3678 cum
1037 3609 1196 3677 Romanis
1215 3606 1336 3677 bellum

270 3715 381 3788 denuo
397 3715 507 3809 gessit
526 3715 611 3803 Quoe
625 3714 765 3785 historia
786 3715 959 3797 omnihus,
977 3714 1034 3808 qui
1054 3715 1088 3783 in
1105 3711 1225 3785 talibus
1241 3715 1337 3809 inge-

270 3824 364 3893 nium
377 3835 547 3908 exercent,
557 3821 746 3916 phmissime
755 3835 835 3890 nota
844 3835 903 3891 est.
913 3820 1045 3890 Deinde
1052 3822 1215 3916 Scipionis
1226 3821 1337 3890 trium·

267 3929 400 4026 phantis
413 3951 550 3999 currum
563 3953 633 3998 non
643 3927 698 3998 hic
715 3929 888 3998 Terentius
901 3925 1041 4024 pileatus
1059 3941 1256 4024 prosecutus
1270 3942 1336 4012 est,

266 4037 324 4108 sed
341 4036 424 4108 alter
443 4035 541 4128 hujus
563 4035 724 4118 nominis,
743 4037 916 4106 Romanus
935 4035 1035 4105 civis:
1055 4049 1106 4124 et,
1129 4049 1168 4106 ut
1182 4030 1335 4107 Valerius
