2890 4866
270 355 354 408 navt
637 341 703 408 DE
730 340 973 408 THEATRO.

269 473 420 540 stitutum
437 469 651 565 permanebit.
665 473 831 560 Quocirca
850 495 893 542 ne
910 469 1006 540 nobis
1021 468 1145 565 aliquid
1162 470 1343 567 Eupolidis

271 576 455 645 infortunio
481 575 585 646 simile
606 579 794 672 contingat,
814 577 963 673 perlecto
976 579 1046 672 jam
1069 579 1163 674 operi
1177 603 1340 676 paragra·

263 683 371 778 plium
393 681 495 776 stylus
515 682 670 754 obduoat.

279 1091 341 1166 DE
370 1097 668 1224 resumunt,
695 1097 951 1186 LUDORUM,
977 1099 1324 1185 THEATRORUM‚

451 1259 724 1348 scuNtuUM,
750 1261 810 1330 AC
837 1257 1141 1331 SCENlCORUM

241 1445 283 1592 Q
331 1445 644 1604 lailoun
682 1443 1261 1577 oeusuutuoiuu,
1362 1387 1365 1392 ’

619 1643 974 1757 stanneum

262 1855 324 1922 Ex
347 1856 483 1948 optimu
511 1848 709 1922 marturibus
731 1849 908 1934 collectus,
937 1849 990 1920 ad
1015 1853 1170 1922 comicos
1185 1852 1338 1943 facilitas

315 1956 572 2052 intelligendos,
587 1961 768 2052 praecipue
791 1961 1004 2051 conscriptus
1023 1963 1059 2028 in
1086 1964 1242 2054 grauium
1258 1979 1337 2032 stu-

317 2066 426 2134 diosoe
435 2064 636 2156 Jitventuti's.

313 2271 507 2352 'Nonquia
522 2267 778 2338 existimandum
798 2283 848 2337 est
865 2267 1020 2364 cuiquam
1039 2269 1179 2366 posthae
1197 2269 1337 2341 familia·

262 2401 333 2446 rem
348 2375 502 2445 Plautum
520 2390 579 2443 aut
592 2375 783 2444 Terentium
797 2373 966 2466 futurum,
979 2401 1161 2473 eorumque
1179 2378 1335 2448 intimum

264 2483 459 2566 artificium,
472 2482 630 2550 orationis
643 2481 886 2570 characterem,
901 2496 1001 2577 atque
1017 2499 1241 2574 venustatem,
1255 2484 1335 2554 alia-

264 2615 329 2684 que
350 2588 384 2658 id
410 2612 514 2682 genus
541 2586 636 2682 plura
656 2611 857 2682 quemquam
883 2587 983 2682 plane
1002 2606 1247 2678 assecuturum,
1267 2592 1335 2660 nisi

263 2697 426 2766 uomicam
445 2718 579 2763 omnem
598 2693 809 2788 dignitatem,
832 2718 979 2783 morem,
996 2710 1032 2766 et
1052 2697 1171 2792 agendi
1192 2722 1334 2766 consue-

263 2801 434 2888 tudinem,
455 2826 528 2896 quae
548 2800 590 2868 ab
608 2801 751 2894 antiquis
770 2801 803 2867 in
821 2799 954 2872 Fabulis
975 2825 1014 2872 ao
1036 2803 1140 2874 Ludis
1160 2804 1333 2874 observari

150 2939 160 2968 r
264 2907 436 2992 solebant,
461 2922 575 2976 exacte
600 2920 721 2976 teneat.
746 2909 799 2975 Ita
819 2907 891 2990 fiet,
913 2921 952 2976 ut
973 2924 1088 3002 postea
1108 2909 1191 2980 nihil
1211 2925 1334 3005 praeter

263 3029 448 3083 metrorum
461 3013 622 3082 rationem
641 3036 679 3082 ac
695 3037 854 3082 versuum
868 3038 1039 3084 mensuras
1053 3013 1238 3086 desiderare
1253 3041 1333 3112 pos·

263 3121 334 3190 sit:
359 3144 440 3214 quas
462 3121 618 3188 nimirum
644 3144 685 3187 ex
707 3121 932 3206 Terentiano,
958 3123 1108 3192 omnium
1133 3125 1331 3192 Latinorum

260 3228 555 3322 grammaticorum
575 3224 772 3312 cultissimo,
790 3241 824 3296 et
841 3227 875 3294 in
892 3225 957 3296 hac
979 3252 1016 3296 re
1038 3227 1218 3322 plurimum
1237 3253 1331 3299 exer·

257 3336 380 3421 uitato,
391 3331 563 3403 desumere
574 3330 696 3402 licebit.
711 3333 775 3402 Hic
791 3334 901 3426 itaque
912 3331 993 3402 libet
1003 3333 1255 3405 adolescentulis
1268 3335 1331 3405 bo-

260 3465 379 3509 narum
408 3439 576 3509 literarum
598 3436 750 3508 studiosis
769 3438 915 3508 breviter
931 3461 1144 3535 proponere:
1164 3443 1331 3536 primum,

259 3545 349 3616 unde
365 3561 442 3616 nata
457 3547 499 3615 sit
517 3543 711 3632 Comoedia,
725 3569 857 3640 quoque
875 3561 975 3640 pacto
989 3561 1066 3616 ante
1080 3549 1331 3618 Comoediarurn

258 3678 358 3723 usum
376 3653 503 3748 antiqui
521 3665 628 3746 poetae
650 3647 810 3720 luserint:
829 3649 949 3722 deinde
967 3675 1065 3738 vero,
1079 3654 1249 3749 quomodo
1262 3657 1329 3725 Co·

256 3758 386 3831 moediae
407 3761 460 3854 agi
488 3782 528 3827 ao
554 3759 763 3853 pronuntiari
787 3756 890 3827 solitae
915 3757 1119 3850 luerint„ut
1142 3761 1222 3855 quid
1242 3759 1329 3831 Ludi

256 3869 337 3951 sint,
357 3865 438 3961 quid
452 3865 617 3952 Theatra,
631 3865 769 3951 scene,
788 3865 909 3950 Actus,
926 3867 1100 3955 Personae,
1116 3883 1151 3937 et
1169 3865 1202 3936 id
1223 3887 1327 3963 genus

254 3989 394 4059 caetera,
412 3969 507 4042 facile
535 3969 747 4064 intelligatur.
767 3971 869 4058 Quod
890 3997 974 4067 opus
993 3973 1073 4042 dum
1096 3973 1326 4069 aggredimur,
