2890 4866
298 418 402 466 cxcvi
576 397 767 466 PERLETI
793 395 1093 486 DlSSERTATlO

298 545 332 598 et
346 529 614 627 episynaloeplus
624 545 660 598 et
672 528 902 600 collisionibus
913 544 948 598 et
960 527 1211 621 abjectionibus
1229 554 1247 598 s
1263 531 1382 600 lucrm

290 635 406 727 fuisse
419 661 499 709 usos
507 635 705 708 scandendo
713 659 832 706 versus
842 660 938 723 suos,
956 639 1147 706 Terentiana
1159 651 1283 706 aretem
1290 639 1379 733 plm

298 743 464 814 omnibus.
484 747 640 814 «Verum
661 742 812 838 profecto
828 742 894 814 hoc
916 759 984 831 est,
1001 759 1034 813 et
1055 767 1154 814 causa
1172 745 1298 830 unica,
1317 769 1380 813 cur

297 851 472 946 magistelli
494 853 546 921 isti
564 849 616 921 vel
634 865 794 944 negarent
807 865 912 920 metra
929 875 1001 920 esse
1016 849 1106 946 apud
1120 851 1309 936 Nostrum,
1326 851 1379 920 vel

298 971 334 1026 ut
354 981 475 1028 arcana
492 958 644 1053 quadam
670 957 887 1028 venditarent.
910 956 1012 1048 Quod
1035 982 1116 1027 vero
1134 958 1188 1027 hic
1213 959 1379 1052 queritur

297 1066 542 1135 et-criminatur
559 1089 700 1160 magnus
717 1065 980 1152 Grammaticus,
1001 1089 1069 1133 non
1092 1065 1208 1134 vitium
1226 1079 1301 1149 est,
1318 1065 1376 1134 sed

224 1251 227 1261 Ι
296 1172 401 1240 virtus
416 1173 561 1242 Terentii
575 1173 682 1267 prima
693 1171 766 1265 :qui
781 1169 989 1266 synaloephas
1001 1169 1071 1240 illas
1085 1170 1162 1242 data
1175 1195 1285 1266 opera
1296 1197 1376 1241 con·

295 1290 517 1364 sectatusest,
529 1303 596 1373 quo
611 1276 743 1372 syllaba
760 1275 885 1349 ultima
897 1276 1115 1372 liquescerent
1129 1278 1375 1356 coalescerent·

294 1407 359 1478 que
369 1408 446 1454 cum
459 1384 689 1479 sequentibus,
703 1408 809 1479 eoque
820 1385 913 1454 vetiti
925 1407 964 1454 ac
976 1385 1084 1454 vitiosi
1096 1384 1130 1452 in
1141 1383 1271 1454 ultimis
1283 1387 1372 1455 ictus

291 1489 468 1561 artificiose
486 1491 721 1588 effugerentur.
735 1521 752 1556 r
771 1493 850 1560 Haec
864 1490 980 1562 eadem
998 1489 1061 1560 fuit
1071 1493 1202 1560 Erasmi
1217 1507 1370 1562 metrum

290 1599 524 1668 Terentianum
543 1599 689 1669 curantis
703 1598 877 1668 sententia.
892 1603 1002 1693 Atque
1018 1597 1161 1668 Rufinus
1176 1601 1368 1668 comminu-

291 1717 363 1772 tum
384 1727 454 1775 esse
475 1706 631 1801 opinatur
653 1718 798 1774 metrum
816 1706 963 1775 Terentii
985 1703 1027 1773 ad
1052 1705 1229 1800 imaginem
1256 1730 1368 1800 prosae

291 1811 458 1881 orationis.
482 1814 534 1882 En
555 1837 635 1882 vero
655 1811 728 1881 haec
750 1810 888 1881 Bentleii
911 1814 946 1881 in
972 1811 1212 1908 perscrutanda
1230 1813 1366 1882 Teren-

290 1919 380 1986 tiana
397 1920 534 1988 metrica
548 1932 582 1989 et
592 1919 719 1990 comica
738 1932 809 1988 arte
830 1943 908 1990 sane
923 1918 1141 2017 expertissimi
1157 1933 1259 2014 atque
1276 1920 1367 2014 inge-

290 2024 465 2096 niosissimi
476 2027 540 2095 viri
554 2025 695 2119 judicia,
706 2049 780 2122 quae
796 2025 958 2098 hactenus
969 2027 1004 2095 in
1022 2039 1152 2096 arctum
1170 2039 1291 2096 coacta
1308 2052 1365 2096 su-

288 2155 363 2200 mus
383 2134 561 2227 prosecuti.

342 2259 386 2351 §.·
399 2287 458 2336 21.
472 2269 648 2353 Praeterea,
660 2265 751 2361 quod
761 2263 915 2360 equidem
930 2263 1093 2360 adjungo,
1111 2264 1292 2336 verisimile
1304 2283 1366 2351 est,

289 2386 399 2442 metro
422 2395 520 2442 usum
544 2395 615 2442 esse
634 2373 827 2441 Terentium
848 2371 891 2441 ad
918 2395 1106 2441 sermonem
1127 2369 1363 2466 quotidianum

287 2503 327 2548 ac
346 2478 495 2547 diverbia
515 2479 683 2548 variorum
704 2479 879 2548 hominum
899 2501 939 2548 ac
960 2469 1073 2547 rerum
1094 2479 1362 2549 accommodato.

286 2583 431 2654 Proinde
449 2586 635 2654 Priscianus
653 2586 701 2655 sie
718 2586 785 2654 ait:
802 2585 976 2654 Terentius
989 2585 1161 2655 trochaico
1172 2586 1277 2654 mixto
1287 2639 1299 2674 ,
1311 2585 1362 2655 vel

288 2691 428 2762 confuso
449 2715 526 2760 cum
541 2691 683 2762 iambico
698 2686 802 2761 utitur
816 2693 852 2760 in
870 2715 1023 2761 sermone
1034 2715 1273 2786 personarum,
1287 2695 1362 2786 qui·

286 2797 349 2867 bus
366 2799 509 2867 maxime
529 2797 713 2893 imperitior
727 2799 785 2868 hic
802 2799 979 2886 convenit,
995 2822 1093 2893 quem
1111 2813 1212 2893 puto,
1231 2814 1271 2868 ut
1287 2801 1361 2869 imi·

284 2919 374 2974 tetur
394 2905 481 2975 hanc
499 2905 727 2976 confusionem
745 2905 1000 3000 rhythmorum,
1019 2905 1360 2976 sauromatarum

286 3012 427 3082 trimetri
448 3035 488 3082 ac
512 3011 587 3108 plus
608 3012 784 3108 minusque
804 3025 839 3080 et
859 3010 985 3080 habent
1003 3009 1218 3105 penultimam
1241 3035 1360 3082 versus

286 3115 445 3211 syllabam
458 3120 492 3188 in
514 3118 711 3214 quibusdam
726 3117 859 3214 longam
879 3132 913 3187 et
934 3121 970 3187 in
985 3117 1184 3212 quibusdam
1202 3118 1360 3207 brevem,

284 3240 322 3294 ut
341 3227 376 3294 iu
394 3225 534 3313 Andria,

324 3376 447 3436 eldhr'rc
460 3375 599 3435 Archillis
609 3395 674 3454 quae
684 3373 832 3446 adsolem,
845 3394 969 3453 quaeque
982 3374 1121 3453 oportent

322 3479 410 3555 Signa
422 3482 483 3534 esse
498 3473 535 3533 ad
552 3473 673 3533 satutem
691 3472 789 3531 omnia
802 3472 871 3531 huic
885 3475 944 3532 esse
958 3472 1074 3531 video.»

507 3573 540 3629 V.
551 3571 683 3628 Priscian
690 3611 701 3642 ,
717 3573 754 3628 de
768 3583 849 3629 metr.
864 3573 962 3629 comic.

337 3721 373 3811 S.
398 3752 449 3793 22.
470 3723 543 3794 Nec
562 3721 782 3793 omittendum
804 3737 871 3810 est,
889 3721 979 3817 quod
1001 3721 1234 3794 Schmiederue
1256 3745 1356 3793 ausus

284 3847 334 3903 est
347 3831 531 3916 affirmare,
545 3831 692 3899 Terentii
707 3829 877 3899 Editiones
893 3829 1135 3924 antiquissimas
1152 3828 1355 3897 ecodicibus

285 3939 409 4034 absque
430 3961 588 4007 versuum
606 3937 869 4014 distinctionem
889 3935 998 4006 lucem
1012 3934 1189 4032 prodiisse,
1204 3933 1248 4002 ab
1264 3957 1353 4004 anno

284 4047 417 4116 demum
434 4044 544 4140 1487,
554 4043 704 4112 versibus
718 4043 899 4132 distinctas,
912 4068 1056 4138 quorum
1072 4040 1353 4113 dimetiendorum
