3014 4872
437 421 689 510 AUCTORE
717 421 942 492 DONATO.
1170 447 1227 516 ιιι

159 553 278 637 tuisse,
297 555 354 646 qui
383 567 463 620 tunc
486 551 721 622 adolescentuli
747 553 857 640 fuere,
878 578 977 647 quarn
1007 558 1045 624 C.
1080 555 1229 650 Sulpicio

161 657 279 744 Gallo,
294 659 429 726 bomine
445 658 566 744 docto,
583 674 616 728 et
639 661 695 754 qui
714 659 944 730 consularibus
957 659 978 684 ¹¹
997 660 1081 731 ludis
1099 664 1228 732 initium

161 766 276 834 fecerit
297 763 498 834 Fabularum
521 765 721 836 dandarum:
739 765 791 834 vel
816 767 859 854 Q
882 767 984 835 Fabio
1004 767 1178 854 Labeone,
1196 784 1230 838 et

159 873 210 940 M
233 869 383 966 Popilio,
405 870 570 942 consulari
585 887 747 966 utroque,
761 897 800 940 ac
814 887 920 966 poeta.
940 873 1047 942 Ideo
1039 899 1147 967 ipsum
1162 901 1230 943 non

156 979 297 1070 juvenes
315 977 523 1073 designasse,
538 980 593 1074 qui
608 1003 642 1048 se
657 978 819 1074 adjuvisse
831 979 1031 1064 dicerentur,
1049 979 1155 1048 sed
1125 1005 1231 1067 viros,

160 1109 303 1178 quorum
324 1109 482 1178 operam,
495 1100 529 1154 et
542 1088 577 1154 in
584 1083 696 1170 bello,
709 1099 742 1155 et
756 1085 790 1154 in
811 1071 900 1172 otio,
919 1100 952 1156 et
969 1087 1003 1154 in
1021 1087 1157 1180 negotio
1171 1111 1229 1180 po·

161 1188 261 1284 pulus
279 1192 322 1260 sit
342 1205 507 1285 expertus.
527 1194 606 1260 Post
627 1191 730 1260 editas
748 1192 937 1262 Comoedias
958 1192 1106 1262 nondum
1130 1194 1231 1286 quin·

161 1311 235 1364 turn
259 1312 358 1392 atque
380 1299 585 1392 trigesimum
605 1321 755 1392 egressus
780 1323 923 1382 annum,
949 1322 1048 1370 causa
1070 1297 1232 1381 evitandae

163 1404 350 1496 opinioniS,
369 1406 446 1498 quia
466 1404 645 1472 videbatur
665 1402 771 1473 aliena
791 1429 853 1498 pro
871 1405 939 1473 suis
956 1403 1071 1489 edere,
1087 1429 1145 1472 seu
1163 1429 1232 1498 per·

163 1510 305 1603 cipiendi
326 1513 522 1580 Graeoorum
544 1511 679 1580 institua
703 1510 899 1604 mo'resque,
921 1536 1004 1604 quos
1023 1509 1161 1604 perinde
1176 1535 1231 1578 ex·

163 1617 321 1709 primeret
341 1619 376 1684 in
395 1618 544 1712 scriptis,
561 1641 711 1712 egressus
731 1617 846 1686 urbem
870 1631 936 1704 est,
958 1642 1066 1712 neque
1091 1615 1236 1711 amplius

164 1721 271 1791 rediit.
295 1725 348 1792 De
367 1737 476 1793 morte
494 1723 565 1818 ejus
586 1722 759 1794 Volcatius
779 1722 897 1793 tradit:

245 1923 321 1998 Sed,
335 1937 369 1982 nt
380 1924 452 1984 Aser
463 1943 513 1984 sex
525 1923 637 2002 populo
651 1923 733 1984 dedit
746 1923 924 1994 Comoedias,

245 2025 304 2079 lter
317 2020 386 2080 hinc
399 2021 430 2079 in
446 2021 543 2080 Asiam
559 2021 638 2078 fecit.
651 2020 757 2079 Navim
772 2041 862 2098 quum
877 2021 964 2079 semel
974 2034 998 2059 ¹²

246 2116 434 2191 Conscendit,
447 2117 525 2178 visus
537 2137 687 2196 nunquam
698 2132 750 2177 est
763 2117 810 2178 Sic
823 2117 882 2176 vita
896 2129 987 2176 vacat.

221 2315 264 2402 Q.
282 2316 466 2384 Cosconius
483 2301 507 2340 ¹³
529 2314 722 2384 redeuntem
744 2340 765 2384 a
786 2315 917 2384 Graecia
938 2313 1073 2408 periisse
1093 2313 1125 2380 in
1151 2314 1233 2380 mari

168 2419 249 2488 dicit
264 2445 339 2489 cum
358 2435 492 2491 centum
512 2436 546 2490 et
562 2436 640 2491 octo
653 2420 799 2508 Fabulis,
815 2421 984 2490 conversis
999 2443 1019 2487 a
1033 2417 1232 2487 Menandro.

167 2527 290 2596 Caeteri
309 2541 479 2596 mortuum
494 2553 567 2597 esse
586 2530 619 2596 in
637 2527 786 2598 Arcadiae
796 2524 992 2622 Stymphalo
1008 2510 1042 2612 ι’,
1057 2526 1125 2594 sive
1144 2526 1235 2594 Leu-

169 2633 264 2702 cadia
277 2633 429 2721 tradunt,
451 2637 513 2704 Cn.
529 2633 686 2704 Cornelio
703 2632 894 2716 Dolabella,
914 2635 963 2701 Μ.
988 2630 1105 2701 Fulvio
1131 2629 1234 2698 Nobi·

169 2737 251 2808 liore
268 2741 362 2810 Coss.
378 2741 497 2810 morbo
515 2739 711 2870 implicitum
729 2741 817 2823 acri,
832 2738 948 2808 dolore
962 2763 1002 2808 ac
1020 2737 1118 2808 taedio
1139 2737 1237 2804 amis·

170 2869 282 2915 sarum
305 2845 534 2917 sarcinarum¹
538 2831 660 2942 ⁵,quas
684 2849 718 2914 in
742 2847 819 2915 navi
841 2846 1062 2939 praemiserat,
1085 2867 1124 2912 ac
1141 2841 1237 2911 simul

170 2951 370 3022 Fabularum
395 2979 478 3048 quas
497 2978 601 3022 novas
625 2953 760 3022 fecerat
793 2953 906 3020 Fuisse
935 2951 1055 3019 dicitur
1081 2933 1239 3021 mediocri

171 3073 296 3129 statura
304 3059 438 3155 ,gracili
453 3085 614 3156 corpore,
632 3057 744 3130 colore
761 3059 865 3129 fusco.
883 3055 1239 3152 Reliquitfiliam,quae

216 3304 258 3341 11.
272 3287 311 3340 Et
324 3307 365 3360 qiu
360 3286 556 3340 'wruularibun
569 3289 603 3342 R.
615 3290 685 3358 cujus
730 3287 808 3339 nlii'
798 3305 823 3338 ιιι
836 3285 947 3338 Areada
960 3283 1095 3358 Stymphali
1108 3287 1171 3337 ιὶιιιι
1184 3283 1240 3334 Au·

173 3367 343 3419 romularibus.
355 3363 434 3419 Lind.
444 3366 567 3420 Muretus
578 3367 687 3439 conjicit
730 3366 819 3420 eouius
834 3363 867 3418 ad
882 3365 1011 3418 Ursulum
1027 3361 1061 3417 de
1074 3361 1177 3416 senario
1192 3380 1242 3414 nu·

175 3445 335 3499 Consualibus
353 3445 437 3498 ludis:
459 3445 505 3498 sed
526 3447 611 3500 Faber
629 3447 688 3502 vult
730 3461 833 3499 mero.
856 3442 1017 3497 «Protulit'
1009 3462 1036 3494 nr
1052 3460 1157 3496 scenam
1176 3453 1243 3511 quot

174 3526 226 3597 legi
240 3525 385 3579 Cerealibus.
399 3527 481 3577 Zeum
731 3523 849 3578 dramata
862 3524 1044 3585 Fabellarum,
1059 3519 1179 3575 hcadiae
1189 3538 1243 3572 me·

218 3607 358 3660 eraaim
364 3625 435 3674 quiam
442 3607 521 3658 semel.
529 3605 580 3659 Μι.
590 3604 687 3658 Danie-
732 3602 778 3658 dio
792 3605 837 3675 qui
851 3607 920 3673 jacet
932 3604 960 3656 in
974 3601 1114 3672 gremio?-
1129 3601 1204 3655 tud.

174 3685 207 3740 lis
221 3686 308 3748 Naum
320 3697 348 3738 at
359 3682 528 3738 aemel.Lind.
775 3684 818 3738 15.
834 3683 1000 3736 sarcinam.
1019 3681 1064 3734 Nil
1084 3683 1175 3736 verius
1193 3680 1242 3732 bac

218 3764 262 3817 13.
273 3767 307 3834 Q.
317 3766 459 3818 Carseonirn.
467 3766 509 3818 lta
518 3783 550 3816 ex
559 3764 622 3816 Mes.
633 3760 689 3816 edi·
732 3764 862 3824 lectione,
871 3779 951 3833 quam
963 3779 1055 3814 omnes
1065 3761 1155 3833 scripti
1164 3756 1243 3814 codd.

176 3843 278 3909 dimum
291 3845 363 3914 vulg.
379 3845 505 3898 hacteuus
519 3844 570 3896 suit
581 3843 688 3896 Consen-
733 3844 896 3913 proferunt,
916 3854 1029 3912 excepto
1046 3860 1120 3906 uno,
1141 3840 1167 3892 in
1188 3855 1243 3908 quo

177 3928 231 3976 rius.
249 3925 410 3978 Coseouium
431 3921 522 3976 laudat
535 3924 638 3988 Varro,
655 3922 689 3976 de
729 3923 872 3990 stabularum
888 3933 951 3974 erat.
968 3922 1055 3992 Vulgo
1071 3920 1195 3974 maenus
1209 3917 1245 3968 le·

176 4001 257 4056 Lind·
268 4005 327 4056 lat.
339 4003 386 4057 lib.
399 4021 424 4058 v.
436 4003 475 4056 Id.
490 4003 542 4056 Alii
556 4003 689 4056 Cometiru.
735 4002 807 4073 gitur
819 4013 955 4072 satyrarum
965 4021 975 4062 ,¹
984 3999 1030 4054 sed
1042 3997 1071 4054 id
1081 4017 1116 4052 uc
1127 3995 1244 4052 titivilitii

221 4089 265 4146 14.
285 4083 408 4137 Mortuum
423 4103 472 4136 esse
484 4087 509 4135 in
524 4082 642 4136 Arcadica
651 4081 691 4136 St.
735 4080 853 4154 quidem.
865 4082 905 4135 Id.
