2890 4866
466 417 536 486 DE
563 417 819 490 ΤΗΕΛΤΡιΟ.
1088 440 1175 490 Lxrx

99 559 197 641 geret
215 559 251 616 et
271 544 377 614 abiret
397 545 551 641 populus.
570 549 611 616 ln
632 573 670 618 ea
686 549 786 619 etiam
803 571 1019 644 personarum
1038 564 1175 620 ornatus

99 651 186 722 alius
203 653 359 722 inventus
374 655 442 738 est,
464 651 581 748 pallia,
601 656 709 741 socci,
730 670 765 725 et
778 655 812 725 id
829 679 934 752 genus
953 670 1080 726 caetera.

165 789 247 856 Post
278 787 411 856 Novam
447 786 656 858 Comoediam
690 787 801 858 Latini
835 785 940 858 multa
974 785 1175 858 Fabularum

101 917 229 988 genera
255 891 493 987 protulerunt,
519 919 593 988 quae
620 909 732 966 tamen
760 894 939 966 Cornoediae
969 894 1174 966 dicebantur.

101 1003 250 1094 Togatae
272 1000 440 1094 vocabant
461 1023 481 1068 a
502 1001 641 1071 scenicis
660 1001 880 1089 indumentis,
897 1025 971 1096 quae
990 1003 1177 1072 Romanam

103 1121 221 1200 togam
242 1129 311 1200 prae
332 1130 368 1175 se
388 1105 556 1194 ferebant,
576 1122 611 1176 et
632 1107 674 1176 ah
695 1109 899 1203 argumentis
921 1108 1065 1195 Latinis3
1085 1109 1175 1177 Prae·

102 1225 248 1283 textatas
266 1237 285 1280 a
306 1211 466 1307 dignitate
487 1227 521 1282 et
540 1215 662 1284 vestitu
677 1238 915 1309 personarum,
932 1227 967 1284 et
984 1215 1105 1284 Latina
1121 1213 1177 1284 hi·

103 1320 227 1390 storia:
238 1317 405 1388 Atellanas
420 1318 463 1388 ab
476 1319 602 1408 Atella,
616 1323 781 1392 Oscorum
798 1322 948 1407 civitate,
961 1319 1020 1389 ubi
1035 1321 1177 1390 inventae
1228 1372 1233 1380 -

102 1426 281 1496 dicuntur:
297 1449 343 1495 eae
357 1423 479 1496 salibus
496 1451 683 1522 conspersae
697 1441 809 1514 erant,
821 1451 862 1498 ac
873 1427 957 1521 jocis
970 1427 1178 1522 compositae,

103 1534 139 1602 in
156 1557 192 1602 se
210 1557 278 1602 non
295 1527 457 1602 habentes
470 1533 534 1602 nisi
547 1549 721 1604 venustam
738 1532 952 1629 elegantiam;
969 1531 1088 1628 quales
1100 1546 1178 1602 sunt

65 1709 73 1724 ,
101 1638 266 1709 Plautinae
285 1665 293 1708 :
315 1639 538 1734 Rhyntonicae
559 1641 739 1712 Comoediae
764 1639 860 1711 dictae
883 1641 926 1709 ab
950 1641 1096 1709 auctoris
1117 1663 1179 1708 uo·

103 1747 197 1816 mine
224 1773 233 1815 ε
264 1745 496 1836 Tabernariae,
519 1746 562 1816 ab
585 1747 772 1818 humilitate
799 1747 986 1844 argumenti
1019 1759 1054 1816 et
1077 1743 1152 1841 styli
1167 1769 1197 1814 :1

104 1851 253 1922 Palliatae
269 1852 312 1921 ab
332 1852 451 1922 habitu
472 1868 507 1923 et
529 1869 725 1950 argumento
743 1855 862 1924 Graeco
874 1879 881 1921 :
894 1851 1010 1940 Mimi,
1026 1851 1068 1921 ab
1090 1853 1182 1922 inve·

106 1958 255 2030 recunda
273 1959 457 2031 imitatione
477 1957 593 2030 vilium
616 1985 728 2030 rerum
751 1975 785 2030 et
805 1959 928 2028 levium
952 1982 1181 2053 personarum.

106 2063 302 2161 Planipedia
321 2091 454 2161 quoque
473 2067 647 2137 Comoedia
665 2067 766 2154 dicta,
783 2064 827 2136 oh
846 2062 1066 2134 humilitatem
1087 2089 1185 2158 argu·

106 2175 231 2258 menti,
246 2197 286 2244 ac
303 2172 464 2244 vilitatem
482 2189 650 2261 actorum,
661 2175 718 2268 qui
732 2199 801 2242 non
818 2171 1000 2256 cothurno,
1014 2184 1071 2240 aut
1084 2195 1184 2240 socco

109 2279 295 2349 utebantur
324 2279 359 2349 in
390 2304 505 2362 scena,
530 2295 588 2350 aut
613 2280 759 2377 pulpito,
786 2277 845 2348 sed
873 2277 974 2373 plano
1001 2275 1085 2372 pede
1104 2301 1111 2344 ε
1130 2275 1184 2344 vel

109 2387 210 2470 ideo,
236 2385 326 2481 quod
353 2411 422 2455 non
447 2411 487 2456 ea
507 2388 643 2482 negotia
667 2387 854 2472 contineat,
871 2409 945 2478 quae
966 2407 1184 2478 personarum

107 2496 145 2562 in
168 2493 333 2582 turribus,
353 2507 411 2562 aut
440 2495 475 2562 in
502 2492 680 2565 coenaculis
705 2491 927 2563 habitantium
954 2504 1051 2580 sunt,
1067 2487 1124 2560 sed
1150 2489 1185 2558 in

106 2598 211 2698 plano
232 2614 267 2669 et
286 2597 404 2669 humili
423 2597 509 2671 loco.

164 2732 326 2802 Omnium
348 2745 459 2800 autem
486 2731 735 2803 Comoediarum
759 2731 903 2826 scripta,
924 2754 998 2825 quae
1023 2730 1185 2799 Dramata

110 2839 224 2910 Graeci
248 2839 432 2924 vocabant,
454 2863 496 2907 ex
521 2853 665 2934 quatuor
693 2839 792 2908 rebus
817 2838 957 2908 omnino
985 2849 1183 2905 sumuntur:

26 2954 30 2963 '
110 2947 272 3031 nomine,
290 2941 383 3031 loco,
405 2943 511 3030 facto,
533 2961 666 3016 eventu.
690 2946 853 3033 Nomine,
870 2958 910 3013 ut
926 2941 1103 3032 Phormio,
1117 2945 1185 3012 He-

110 3075 215 3148 cyra,
239 3049 423 3147 Gurgulio,
441 3050 608 3148 Epidicus.
632 3053 749 3140 Loco,
772 3067 812 3122 ut
834 3049 975 3134 Andria,
1001 3047 1186 3136 Leucadia,

105 3157 333 3232 Brundusina.
344 3159 458 3246 Facto,
468 3173 506 3228 ut
515 3158 885 3245 Eunuchus,Asinaria,
895 3157 1189 3252 CaptiviEventu,

110 3280 152 3335 ut
166 3267 449 3349 Commorientes,
464 3262 606 3360 Adelphi
615 3266 1039 3354 ,Heautontimorumenos
1055 3261 1188 3332 Dividi-

112 3387 171 3442 tur
190 3371 289 3442 Nova
313 3369 487 3442 Comoedia
511 3372 546 3440 in
564 3386 710 3468 quatuor
728 3386 840 3470 partes
862 3398 871 3442 :
894 3369 1090 3466 prologum,
1109 3393 1190 3466 pro·

113 3479 220 3568 tasin,
234 3467 393 3574 epitasin,
407 3478 656 3575 catastrophen.

168 3610 332 3708 Prologus
354 3625 405 3681 est
425 3609 529 3681 veluti
549 3611 701 3707 praefatio
725 3609 878 3706 quadarn
896 3607 1047 3698 Fabulae,
1067 3608 1102 3678 iu
1123 3631 1189 3704 qua

115 3716 170 3787 vel
187 3731 288 3814 poeta
305 3731 499 3808 excusatur,
512 3714 566 3788 vel
586 3715 699 3788 fabula
717 3713 982 3788 commendatur.

169 3851 316 3921 Protesis
344 3863 394 3920 est
415 3851 544 3944 primus
566 3863 660 3920 actus
677 3847 831 3928 Fabula,
848 3836 889 3916 ¹iu
911 3871 978 3942 quo
996 3869 1073 3943 pars
1094 3868 1208 3942 argu-y

114 3959 221 4029 menti
236 3954 432 4053 explicatur,
445 3981 523 4054 pars
536 3957 710 4047 reticetur,
722 3954 766 4026 ad
780 3952 895 4052 populi
912 3953 1193 4051 exspectationem

115 4064 307 4137 tenendam.
