2986 4858
284 365 286 376 ’
326 419 634 490 aunucuus.
663 419 770 490 scr.
801 421 844 507 V,
870 420 939 490 sc.
967 420 1033 488 vr.
1112 383 1210 512 '277

137 556 253 625 Parem.
272 555 379 638 Here,
395 553 537 646 primum
558 567 590 620 te
609 551 762 620 arbitrari
777 551 826 638 id,
841 553 930 646 quod
947 577 999 621 res
1016 566 1081 638 est,
1094 549 1208 628 velim:

137 659 309 753 Quidquid
329 659 427 752 hujus
443 658 565 727 lactum
581 657 634 746 'st,
652 657 749 752 culpa
764 684 832 726 non
846 657 971 728 sactum
985 657 1025 728 ’st
1037 682 1124 728 mea.

137 769 251 838 Lacu.
272 764 383 854 Quid?
398 768 515 834 Pium.
533 768 637 833 Recte
656 789 734 834 sane
747 766 977 860 interrogasti:
995 766 1143 860 oportuit
1170 794 1210 846 μ.

137 875 223 940 Rem
241 895 460 965 praenarrasse
479 897 540 940 mc.
556 873 646 940 Emit
664 870 839 964 quemdam
856 871 1007 941 Phaedria

137 978 358 1066 Eunuchum,
383 1003 482 1072 quem
507 977 595 1047 dono
616 978 694 1046 huic
717 976 823 1048 daret.
846 981 958 1048 Lien.
981 976 1066 1048 Cui?
1093 981 1207 1050 Parim.

295 1085 423 1156 Thaidi.
1055 1099 1057 1109 '

136 1195 248 1262 Lacu.
264 1190 376 1260 Emit?
390 1192 474 1260 Perii
488 1189 612 1262 hercle.
632 1189 779 1280 Quanti?
794 1193 909 1262 Parem.
921 1192 1046 1287 Viginti
1062 1192 1167 1262 minis.

137 1350 173 1403 H.
184 1350 244 1420 quid
252 1363 297 1414 est,
315 1349 382 1422 quod
391 1342 652 1419 trepidat-Sana*
696 1349 734 1402 vit
746 1368 804 1403 rem
819 1349 919 1421 ipsam
938 1367 1001 1402 nam
1015 1368 1107 1403 servus
1126 1351 1209 1420 trepi-

138 1431 209 1483 salre.
223 1431 283 1483 Par.
296 1429 340 1483 ed.
359 1429 455 1499 Delph.
472 1429 550 1481 Both.
565 1429 649 1480 satra.
697 1427 764 1482 dans
777 1430 889 1482 obscure
900 1428 1033 1501 loquitur,
1049 1430 1087 1482 ita
1101 1429 1210 1484 festinat

137 1527 173 1563 ec.
187 1508 518 1562 m-Sarta'satneub,
535 1512 651 1561 ominare
696 1527 724 1561 se
742 1527 867 1562 excusare
895 1523 1035 1580 antequam
1060 1511 1207 1564 narraverit

139 1589 234 1641 liabent.
246 1587 343 1642 Modus
353 1587 481 1660 loquendi
494 1587 565 1659 apud
579 1601 650 1641 vete·
695 1587 729 1641 de
742 1608 794 1660 qua
807 1608 836 1641 re
850 1607 937 1642 sermo
950 1590 991 1642 sit.
1010 1622 1051 1632 -
1063 1590 1136 1642 Recte
1149 1609 1207 1640 saur

138 1687 181 1724 res
191 1669 324 1742 ellipticus
335 1669 487 1733 ethrerior‚
497 1687 590 1739 quum,
602 1669 650 1721 ubi
694 1672 857 1738 interrogasti.
881 1669 949 1740 Apte
967 1669 1125 1722 Parmenoni
1143 1688 1207 1722 con·

138 1746 204 1820 quid
230 1748 329 1802 turbati
354 1760 424 1806 crat,
453 1749 650 1819 interrogabant
697 1749 768 1802 veuit
781 1749 826 1802 illa
840 1749 986 1815 correctio;
1000 1749 1065 1820 quin
1081 1751 1208 1821 supplicis

137 1847 172 1882 an
192 1829 253 1882 satis
269 1830 339 1882 salve
362 1829 452 1880 omnia
471 1847 497 1880 se
513 1829 648 1881 haberent.
694 1828 776 1882 estin
803 1829 926 1882 omnibus
939 1829 1053 1900 probare
1079 1847 1140 1882 eum
1163 1831 1208 1882 cui

138 1910 287 1980 -Legitur
297 1901 650 1973 hicsalve'adverhialitemet
694 1926 786 1978 preces
801 1906 938 1972 admovet;
959 1921 984 1960 et
1002 1919 1137 1978 praeterea,
1150 1928 1207 1960 oor·

138 1987 649 2059 eamlcctionempraeposuimus,aucto·
693 1988 778 2056 rigere
794 1999 876 2040 tentat
890 1985 1024 2058 quidquid
1048 1989 1207 2057 suspicionis

139 2069 216 2120 ritate
229 2069 316 2120 Plauti
325 2081 351 2120 et
362 2066 486 2120 Sallustii.
502 2065 581 2138 Apud
591 2085 650 2136 pos·
693 2066 752 2119 heri
763 2067 854 2118 animo
865 2083 910 2118 aua
920 2066 1209 2137 ipsiusprimapertur·

138 2148 265 2199 teriorem
278 2148 366 2198 hunc:
380 2144 463 2197 «Inde
472 2159 545 2198 ortus
554 2165 649 2210 sermo,
694 2146 766 2199 batio
778 2146 898 2216 ingerere
912 2146 1010 2216 potuit.
1026 2175 1067 2189 -
1082 2145 1208 2216 oportuit,

139 2226 356 2297 percontantibus
382 2225 538 2296 utrimque,
574 2226 649 2277 satin'
693 2245 745 2297 pro
753 2227 903 2295 oportuisset.

139 2307 212 2371 salve,
220 2323 299 2376 quam
311 2305 378 2384 grati
387 2302 500 2360 ducibus
509 2305 645 2368 suis‚etc.·
735 2307 802 2376 981.
823 2305 999 2358 praenarrasse.
1017 2305 1054 2357 Μ.
1075 2304 1101 2357 et
1118 2305 1208 2358 Guelf.

181 2389 246 2456 978.
267 2385 308 2454 ld,
320 2384 386 2460 quud
395 2405 439 2450 ms,
452 2397 495 2437 est.
507 2385 550 2437 Sic
564 2385 649 2438 Bentl.
698 2404 724 2439 a.
739 2385 906 2438 Proenarmre.
917 2409 953 2420 -
962 2385 1138 2438 Proerrarrasse.
1151 2387 1208 2438 An·

140 2476 166 2517 et
179 2477 239 2535 post
251 2483 311 2518 eum
320 2465 417 2536 Delph.
427 2465 486 2534 Bip.
495 2465 572 2518 Both.
579 2465 649 2518 Perl.
695 2479 803 2536 tequam
818 2484 860 2517 me
872 2483 1031 2518 excusarem.

139 2545 190 2597 Alii
204 2563 259 2596 uon
270 2544 396 2598 exhibent
409 2545 495 2597 id.-
509 2545 650 2609 Arbitrari,
736 2547 802 2614 98².
823 2545 898 2599 Huic.
925 2547 965 2599 Ita
985 2544 1074 2598 vivide
1096 2563 1138 2597 res
1157 2546 1207 2598 sihi

139 2643 189 2696 pro
195 2638 269 2678 certo
276 2623 457 2692 tenere-ld,
464 2643 499 2678 sc.
510 2625 587 2696 culpa
596 2645 650 2677 non
695 2636 866 2698 repraesentat
878 2663 886 2690 ‚
901 2638 932 2677 ut
940 2625 997 2679 fere
1007 2624 1098 2678 credat
1110 2626 1205 2678 herum

138 2705 237 2760 lactum
251 2723 306 2760 csse
320 2724 385 2758 mea.
412 2736 452 2748 -
474 2705 549 2775 Quod
560 2726 597 2758 res
606 2717 649 2758 est.
696 2723 804 2776 quoquc
820 2705 888 2758 scire
916 2703 950 2758 de
974 2722 1027 2776 qua
1041 2705 1087 2758 hic
1104 2717 1205 2776 agatur.

142 2783 240 2850 sQuod
255 2797 294 2837 est
307 2804 348 2837 res
361 2785 430 2855 ipsa,
444 2787 583 2839 utcvenit.
604 2787 651 2838 Est
696 2787 815 2838 Donatus
829 2797 1030 2838 censetnomen
1056 2785 1209 2838 consultos

140 2864 213 2935 qussi
228 2865 400 2936 parenthesis,
412 2882 465 2936 qua
475 2883 566 2918 servus
579 2884 652 2918 com·
696 2865 861 2918 Parmenone
874 2863 973 2930 omitti,
980 2882 1015 2919 ne
1029 2883 1106 2918 senex
1123 2865 1206 2917 offen·

141 2941 250 2996 mendat
261 2943 651 3020 quodsuhseqnitur.·-Prae-
696 2942 776 2998 datur
784 2944 930 2998 meretricis
948 2945 1208 2998 commemoratione.

140 3022 652 3096 munitioetexcusatiopreposterama·
737 3027 803 3095 983.
825 3018 914 3076 Emit?
924 3028 988 3095 perii
1007 3024 1091 3077 hercle.
1106 3027 1208 3077 Avarus

141 3103 167 3154 le
182 3102 280 3156 conscii
294 3102 376 3155 animi
396 3121 424 3155 se
436 3105 587 3176 purgantis,
604 3123 652 3157 an·
697 3123 774 3158 senex
788 3103 822 3156 ad
835 3105 904 3166 hanc
925 3121 1019 3158 vocem
1033 3108 1108 3168 emit,
1134 3103 1210 3176 quasi

142 3196 248 3254 tequam
269 3195 414 3248 accusetur.
443 3181 486 3236 Sic
510 3184 652 3238 Heautont.
697 3183 858 3256 adinopiam
869 3183 992 3238 redactus
1000 3185 1210 3250 easet‚reclamat‚

144 3261 198 3317 623
214 3282 222 3316 e
237 3263 380 3314 «Primum
404 3262 454 3314 hoc
478 3275 505 3316 te
528 3283 592 3328 oro,
619 3283 653 3316 ne
697 3265 739 3318 vel
755 3277 896 3336 antequam
916 3262 1022 3318 sciverit
1035 3268 1119 3336 quanti
1138 3281 1209 3316 eme-

140 3341 208 3415 quid
219 3341 313 3396 credas
324 3359 368 3394 me
380 3339 519 3396 adversum
535 3342 652 3396 edictum
697 3343 741 3398 rit.
756 3373 797 3386 -
814 3345 913 3414 Viginti
931 3348 1009 3398 minis.
1030 3346 1071 3397 De
1081 3345 1210 3396 Veterum

142 3435 217 3476 tuum
226 3423 323 3476 Facere
333 3439 387 3474 esse
396 3439 494 3475 ausam.
506 3448 517 3469 ι
530 3423 585 3476 Ubi
597 3441 652 3475 ser-
698 3425 811 3478 monetis
825 3422 859 3476 ad
874 3423 1032 3478 hodiernam
1044 3435 1069 3477 et
1079 3423 1209 3478 Gallicam

142 3521 190 3556 vus
203 3520 210 3556 :
224 3503 336 3556 «Nescio
356 3500 423 3573 quid
446 3503 546 3574 peccati
563 3515 653 3574 portat
697 3503 895 3557 estimationem
909 3503 1039 3568 redactis,
1056 3502 1119 3556 ride
1131 3503 1210 3555 tebu-

141 3582 198 3635 hrec
206 3581 356 3654 purgatio.»
366 3583 472 3635 Farnnb.
485 3595 511 3636 et
527 3583 604 3636 Boecl.
695 3584 748 3636 lam
761 3601 841 3656 quam
856 3582 930 3638 dedit
940 3586 992 3637 Vir
1005 3583 1210 3648 doctLerronne,

183 3680 250 3732 979.
273 3661 401 3733 Quidquid
409 3664 508 3734 hujuss.
517 3661 651 3716 etc.Both.
697 3662 730 3716 ad
741 3666 839 3717 calcem
852 3663 980 3719 Martialis
1002 3663 1115 3718 classica
1127 3664 1209 3736 hujus

143 3740 224 3810 Hujru
241 3742 359 3813 quidquid
367 3745 392 3811 s.
408 3776 448 3786 -
458 3743 540 3814 Hujus
555 3760 590 3795 sc.
606 3762 652 3796 nc·
696 3743 874 3797 Bibliotheca.
898 3743 952 3798 vol.
968 3746 998 3809 1,
1012 3761 1071 3816 pag.
1088 3750 1154 3814 497.
1169 3771 1209 3784 -·

142 3821 217 3892 gotii.
228 3821 271 3874 cf.
288 3840 366 3894 supra
378 3842 415 3875 vs.
427 3843 490 3876 soa.
504 3822 606 3875 Alludit
618 3820 653 3874 ad
697 3822 876 3878 Tantumdem
888 3820 996 3878 dederat
1014 3821 1139 3878 Phaedria
1157 3841 1208 3894 pro

143 3917 199 3953 rem
212 3899 246 3954 de
254 3919 307 3972 qua
317 3921 344 3953 se
355 3921 467 3973 purgare
474 3901 550 3956 cordi
562 3898 651 3958 hahet·
696 3903 828 3957 Eunucho
845 3917 872 3956 et
887 3903 981 3956 ancilla
1000 3904 1165 3975 AEthiopica‚
1181 3915 1211 3954 ut

184 3982 250 4052 980.
274 3980 348 4049 Quid.
381 3981 470 4035 Guelf.
495 4003 527 4050 s,
543 3983 614 4054 Quid
628 3983 656 4036 tt
698 4001 733 4037 ex
754 4003 792 4037 vs.
820 3985 892 4054 169,
914 3994 1022 4036 constat.
1048 3983 1144 4038 Servus
1163 3982 1211 4035 hic

142 4075 185 4114 est.
200 4093 239 4105 -
248 4054 336 4133 Quid?
350 4060 478 4116 Nondum
491 4063 563 4118 euim
577 4062 653 4118 audi·
697 4061 857 4136 compendio
864 4063 934 4135 agit:
948 4063 1057 4117 Fatetur
1065 4081 1210 4130 summam

990 4157 1055 4252 ,ι83
