3040 4866
332 417 378 488 82
567 411 737 479 PUBLll
766 407 1007 476 TERENTll
1035 409 1151 476 AFRI

330 549 398 638 Qui
416 567 488 614 sum
508 538 673 635 pollicitus
688 536 830 608 ducere?
844 563 909 633 qua
927 538 1046 608 fiducia
1063 540 1096 608 id
1111 539 1219 610 facere
1234 541 1403 614 audeam?

329 655 416 739 Nec,
436 645 517 744 quid
535 671 588 715 me
609 670 697 715 nunc
718 644 856 729 faciam,
879 646 959 714 scio.
982 647 1051 715 Da.
1073 648 1144 717 Nec
1159 647 1238 741 quid
1252 673 1328 739 me,
1347 665 1401 720 at-

486 777 551 846 que
569 749 602 822 id
616 776 679 847 ago
694 749 819 820 sedulo.
1363 788 1400 828 aa

329 871 469 944 Dicam,
491 858 614 952 aliquid
640 883 692 927 me
717 841 955 944 inventurum,
974 871 1011 926 nt
1033 857 1112 928 huic
1137 858 1225 928 malo
1248 860 1398 956 aliquam

486 964 668 1059 producam
689 988 826 1033 moram.

327 1083 388 1151 Pu.
412 1058 507 1148 Ohel
532 1073 598 1140 Da.
614 1072 713 1140 Visus
736 1093 818 1139 sum.
843 1071 902 1138 Pa.
925 1068 1095 1156 Ehodum,
1118 1071 1205 1141 bone
1226 1074 1293 1161 vir,
1317 1075 1398 1168 quid

472 1174 564 1271 agis?
582 1176 690 1245 viden'
707 1201 759 1244 me
777 1173 919 1246 consiliis
935 1178 999 1244 tuis

327 1288 487 1356 Miserum
506 1282 702 1377 impeditum
721 1281 809 1352 esse?
833 1284 900 1351 Da.
918 1283 960 1351 At
968 1283 1038 1376 jam
1050 1283 1231 1380 expediam.
1245 1287 1307 1356 Pa.
1324 1289 1395 1356 Ex·

485 1387 616 1485 pedies?
629 1392 697 1458 DA.
717 1392 830 1480 Certe,
847 1388 1028 1485 Pamphile.

327 1501 387 1568 m.
412 1499 540 1591 Nempe
560 1510 598 1564 ut
619 1495 728 1564 modo.
750 1499 816 1566 Da.
838 1498 946 1564 Immo
967 1494 1100 1584 melius,
1117 1521 1222 1592 spero.
1238 1500 1301 1568 ΡΛ.
1316 1494 1392 1568 Ohl

481 1604 539 1673 tibi
558 1627 620 1695 ego
640 1616 676 1671 ut
695 1601 846 1687 credam,
865 1601 1023 1670 furcifer?

325 1711 375 1780 Tu
393 1736 463 1780 rem
479 1708 669 1804 impeditam
687 1723 721 1778 et
738 1708 901 1804 perditam
916 1703 1086 1777 restituas!
1100 1709 1268 1804 hem,quo
1288 1709 1392 1780 fretus

482 1841 561 1900 sim,
1353 1847 1390 1886 r..

325 1924 392 2012 Qui
411 1947 464 1992 mc
481 1920 580 1990 hodie
597 1945 638 1988 ex
656 1919 920 2015 tranquillissima
939 1945 974 1988 re
990 1899 1159 2015 conjecisti
1173 1923 1207 1991 in
1223 1925 1366 2018 nuptias.

324 2133 388 2204 quid.
402 2164 441 2174 -
452 2130 538 2183 Modo.
547 2127 611 2181 Vid.
626 2145 705 2198 supra
725 2145 751 2179 v.
769 2134 834 2190 lor.
879 2139 906 2179 et
930 2127 1055 2181 minantia
1075 2147 1138 2181 cnm
1156 2129 1302 2184 iracundia.
1324 2131 1386 2182 Dou.

365 2216 432 2274 διά.
454 2212 505 2278 Qui
524 2229 575 2262 sum
595 2209 719 2278 pollicitus
742 2205 834 2259 ducere.
879 2206 945 2258 Ver.
960 2207 988 2259 in
1003 2207 1068 2260 libb.
1085 2208 1155 2274 Ota,
1171 2209 1386 2276 Olt,Heo‚Elro-

326 2291 407 2344 Both.
423 2291 475 2360 Qui
486 2290 570 2340 ducere
586 2307 637 2339 sum
648 2287 782 2357 pollicitus.
797 2315 835 2329 -
879 2285 943 2338 dum.
963 2317 1003 2328 -
1023 2288 1093 2340 Boua
1109 2291 1159 2342 vir.
1177 2289 1222 2342 Sic
1242 2291 1387 2354 Μοιὼι,

325 2377 382 2446 Qua
389 2370 501 2441 fiducia,
512 2388 563 2440 qun
576 2386 606 2418 rc
619 2367 710 2418 fretun.
883 2367 1007 2433 Tartufse,
1020 2368 1078 2420 llct.
1090 2369 1139 2432 IV,
1153 2387 1187 2422 sc.
1199 2387 1259 2424 vu:

362 2451 430 2507 615.
450 2449 519 2512 Nec,
537 2447 638 2518 quidm
652 2445 836 2513 uuncsacium?
906 2459 1016 2501 cOhlohl
1030 2460 1116 2502 l'hoam
1128 2463 1268 2510 labbaeus
1279 2465 1385 2504 n'enrou·

322 2533 426 2584 Volunt
444 2528 602 2597 interpretes
623 2543 658 2576 mc
678 2537 749 2578 sexto
774 2545 835 2578 casu
1062 2531 1099 2570 tta
1112 2534 1213 2572 tonna.»

324 2605 594 2680 sumi,praepositi0ne
603 2603 740 2662 deumiura,
753 2624 834 2677 quarn
877 2607 996 2677 -Quid
1006 2611 1068 2677 agis.
1086 2608 1129 2662 Sic
1142 2609 1212 2662 Perl.
1230 2628 1262 2662 ex
1276 2610 1325 2664 Bc.
1337 2608 1384 2660 Alii

322 2689 398 2746 multi
417 2700 541 2740 ceterum
558 2683 697 2755 recipiunt.
712 2685 770 2738 Hoc
783 2703 833 2737 no·
878 2688 923 2738 ais.
938 2719 977 2730 -
992 2687 1083 2738 Vidcu'
1099 2705 1149 2760 pro
1166 2689 1272 2744 uideam.
1287 2687 1385 2742 Alludit

322 2771 364 2824 bis
383 2768 461 2820 nimis
480 2763 576 2818 durum
594 2762 712 2829 videtum
732 2777 758 2817 et
777 2764 834 2833 pla·
878 2765 913 2817 ad
930 2785 959 2818 ea
979 2785 1038 2837 quar
1058 2766 1160 2821 dixerat
1177 2788 1258 2840 supra
1279 2790 1306 2824 r.
1324 2771 1383 2838 387.

325 2851 379 2904 cuit
391 2845 540 2906 admittere,
555 2843 709 2915 Pamphilo,
725 2855 835 2914 propter
881 2846 940 2898 ‹Ut
950 2847 983 2898 nh
998 2847 1042 2900 illa
1058 2846 1198 2913 excludar,
1213 2849 1267 2903 huc
1281 2850 1383 2904 conclu·

322 2929 403 2984 animi
417 2927 569 2990 tumultum,
578 2921 752 2995 incomposita
763 2922 833 2976 cxci·
878 2923 960 2977 dar.»
985 2959 1024 2967 -
1050 2926 1163 2980 Consiliis
1185 2933 1245 2993 tuis,
1270 2942 1382 2984 secutum

321 3009 385 3062 dere
398 3007 494 3073 rerba,
507 3007 542 3058 ita
558 3017 586 3056 ut
596 3001 719 3056 debuerit
730 3001 833 3056 dicere:
879 3004 988 3057 consilia
1001 3017 1053 3058 tua.
1471 3051 1472 3054 ,

300 3146 305 3158 ¹
323 3089 411 3143 Nescio
422 3107 466 3152 me,
477 3085 605 3157 ‹puiduuuc
612 3083 836 3154 satorquuaepo·
921 3085 987 3136 618.
1004 3085 1127 3138 Miserum.
1143 3087 1222 3141 Both.
1235 3088 1333 3140 Mum.
1346 3113 1381 3127 -

322 3169 415 3224 sterior
426 3163 530 3219 dicendi
543 3163 656 3217 formula
664 3163 835 3216 hellenismus
880 3164 1020 3233 Impcdlturu
1031 3184 1087 3217 csse.
1099 3165 1225 3220 Absolute
1237 3166 1345 3220 dictum.

321 3261 358 3302 cst
373 3247 470 3302 Nostro
485 3244 679 3307 usitatissimus,
698 3253 728 3294 ut
740 3243 834 3314 saepius
918 3246 984 3312 619.
998 3244 1088 3314 Nempe
1109 3258 1137 3296 ut
1155 3247 1232 3300 modo.
1256 3248 1299 3300 Sc.
1320 3244 1380 3300 teet·
1470 3269 1471 3318 ;

320 3340 441 3381 notatum
459 3337 505 3377 est.
520 3355 560 3366 —
573 3323 626 3376 Nec
639 3323 699 3394 quid
712 3341 763 3386 mc,
780 3323 832 3375 scio
875 3322 917 3376 cti.
932 3353 971 3364 —
984 3323 1071 3386 Immo,
1088 3325 1175 3379 etiam.
1188 3359 1228 3369 -
1239 3328 1321 3378 melius
1341 3344 1380 3376 ex·
1470 3331 1471 3336 ’

322 3403 388 3480 quid
399 3405 503 3458 faciam.
514 3435 555 3444 -
568 3401 600 3455 Id
607 3422 671 3472 ago,
684 3399 716 3456 ad
732 3399 759 3454 id
773 3415 845 3472 ope·
873 3400 989 3474 pediam.
1001 3424 1042 3438 -
1059 3404 1115 3456 Tibi
1129 3423 1174 3474 ego
1188 3418 1215 3457 ut
1229 3407 1337 3468 credam,
1347 3405 1380 3456 in·

321 3505 378 3539 ram
393 3486 515 3550 confero,
529 3479 830 3552 utsciamquidfacien·
876 3482 981 3552 tellige:
1001 3483 1053 3546 vis,
1076 3483 1250 3554 postulue-
1266 3486 1378 3552 Furcifer.
1469 3545 1470 3558 ,

320 3565 385 3618 dum
399 3563 441 3618 sit.
876 3561 996 3628 Furciscri
1015 3561 1185 3629 dicebantur,
1205 3565 1251 3636 qui
1269 3567 1304 3618 oh
1329 3565 1378 3616 leto

363 3647 428 3698 616.
457 3643 563 3706 Dicam,
591 3640 617 3692 h.
647 3657 671 3692 e.
706 3639 833 3692 Dicturus
876 3637 1002 3694 delictum
1025 3643 1222 3714 cogebantura
1253 3643 1377 3702 dominis,

322 3743 379 3775 sum
397 3719 543 3793 Pamphilo.
558 3751 598 3761 -
613 3717 719 3792 Aliquid
731 3739 767 3770 me
783 3722 829 3771 iuv.
876 3719 1026 3790 ignominiae
1051 3723 1134 3793 magis
1159 3742 1238 3794 quam
1263 3720 1377 3797 supplicii

323 3805 403 3856 Zeun.
421 3803 497 3856 Both.
513 3799 592 3872 Valp.
614 3799 707 3871 aliquid
716 3801 770 3869 jam
793 3801 830 3850 iu·
874 3801 1304 3870 causa,circavicinns,surcamin
1316 3800 1376 3858 collo

323 3895 450 3935 venturum.
463 3881 506 3933 lla.
513 3882 566 3949 jam
578 3899 622 3932 mc.
635 3912 675 3921 -
684 3879 828 3941 Producam,
868 3879 944 3945 sem,
956 3880 1087 3952 subligatis
1100 3878 1133 3934 ad
1143 3901 1200 3936 eam
1213 3884 1343 3946 manibus,
1355 3890 1376 3930 et

322 3961 461 4027 differam,
476 3957 639 4031 protendam.
874 3959 1017 4029 predicare
1030 3974 1166 4030 peccatum
1178 3981 1263 4016 suum.
1279 3965 1341 4016 Dor.

363 4047 429 4112 617.
455 4039 517 4092 ote.
532 4039 626 4092 Gravis
644 4036 830 4108 interrogatio,
916 4043 981 4092 διο.
997 4039 1316 4112 Impeditomctperditum,
1333 4037 1374 4092 dit-
