2890 4866
169 409 197 472 Α
212 403 443 476 TERENTIO
459 402 627 472 LATINE
642 405 993 474 INTERPRETATA.
1037 426 1164 475 cxxxttt

377 571 460 638 Acr.
479 593 512 637 v.
541 569 594 640 Sc.
625 592 666 638 111
695 561 756 658 (vs.
787 558 889 662 823).
1038 607 1040 624 ι

99 718 264 787 «Abhinc
285 704 416 788 menses
441 719 557 788 decem
582 717 660 788 fere.
676 748 692 784 a
710 717 797 787 Vide
820 719 946 789 dictum
970 718 1168 806 Menandri:
1239 757 1242 762 ·

152 822 293 920 Adelph.
315 827 396 895 Acr.
416 848 465 893 iv.
487 827 540 896 Sc.
556 849 580 894 ν
600 815 663 918 (νε.
686 814 789 920 695).

253 993 486 1064 Pnoanronr.
514 994 595 1062 Acr.
626 1016 650 1063 r.
677 993 733 1062 Sc.
764 1016 791 1062 11
823 981 886 1080 (vs.
921 985 1016 1081 138).

99 1171 117 1206 a
133 1138 236 1229 Quod
259 1140 329 1209 sors
346 1140 429 1227 fert,
442 1139 586 1210 feremus
603 1163 697 1234 aequo
712 1141 832 1208 animo.
845 1169 862 1205 a
880 1140 1088 1210 Menander:

93 1229 207 1342 Ιῖνεγεϋ
222 1244 349 1340 ἀτυχίαν
367 1245 419 1314 καὶ
436 1244 556 1332 βλάὲην
575 1249 780 1339 εὐσχημόνως.

94 1357 282 1422 Fortunam
300 1352 491 1438 adversam,
505 1352 801 1447 dispendiumque,
820 1351 977 1434 decenter
994 1354 1089 1422 ferto.

92 1458 183 1530 lbid.
203 1449 268 1552 (vs.
296 1451 391 1553 139).
419 1462 536 1529 «Istuc
554 1460 616 1528 viri
629 1472 679 1528 est
691 1457 883 1529 officium.»
901 1458 1106 1529 Menander:
1229 1526 1231 1530 .

93 1569 194 1634 Τοῦτ’
215 1568 297 1634 ἔστιν
314 1557 434 1660 ἀνδρός.

94 1677 184 1742 Ηοο-
193 1674 257 1742 viri
270 1686 330 1742 est.

385 1780 469 1860 Aca.
497 1800 521 1846 1.
548 1779 602 1848 Sc.
632 1801 670 1848 rv
699 1771 760 1868 (vs.
791 1774 891 1868 203).

101 1935 247 2001 «Fortes
261 1930 397 2000 fortuna
414 1927 593 2022 adjuvat.»
615 1926 804 1998 Menander
824 1927 913 2024 apud
928 1928 1114 1999 Stobaeum:

96 2041 211 2133 Τολμῃ
229 2030 334 2128 δικαίᾳ
352 2035 404 2104 καὶ
416 2036 492 2114 Θεὸς
508 2029 726 2128 συλλαμὸᾅνεε.

97 2144 282 2215 Audaciam
298 2143 420 2238 justam
436 2140 491 2211 vel
503 2140 640 2235 adjuvat
655 2143 758 2210 Deus.

379 2312 462 2380 Acr.
496 2333 536 2379 11.
564 2309 618 2378 Sc.
648 2332 677 2377 11
706 2300 769 2397 (vs.
801 2296 903 2404 329).

104 2496 122 2530 α
136 2466 338 2560 lnjuriarum
352 2464 512 2534 audisti.»
530 2460 716 2532 Menander
731 2461 907 2556 Misogyno
923 2488 930 2529 :
1065 2496 1067 2502 ν

218 2618 359 2637 ......
373 2547 499 2664 ὁμνυμί
518 2594 566 2636 σοι
587 2565 639 2636 cdv
660 2550 756 2636 Ηλεον

100 2660 133 2744 1¹1
157 2681 216 2771 μὴν
233 2679 369 2752 ποιήσειν
387 2702 435 2746 σοι
452 2672 569 2771 γραφὴν
591 2677 763 2753 κακώσεως.

219 2830 360 2852 ......
372 2785 455 2852 Juro
476 2779 587 2852 Solem
607 2779 683 2870 tibi,

101 2889 303 2982 lnjuriarum
325 2913 379 2958 me
401 2889 463 2957 tibi
481 2888 681 2981 scripturum
700 2885 831 2958 dicam
954 2963 957 2972 ,

100 2997 189 3066 lbid.
212 2983 330 3089 (344).
354 3023 372 3060 a
384 2997 470 3065 Cum
489 2993 625 3064 ratione.
636 3021 655 3060 a
676 2995 878 3079 Rationem,
896 2993 986 3087 quod
1002 3007 1052 3063 est
1068 2994 1103 3061 in
1121 2995 1178 3063 Pa·

156 3101 260 3172 latino
277 3099 410 3190 codice,
424 3101 530 3196 magis
549 3097 668 3194 placet.
688 3087 774 3190 (Nos
791 3087 1008 3193 Recipimua.)
1026 3099 1114 3169 Nam
1132 3104 1178 3171 ita

158 3233 291 3304 quoque
306 3209 387 3279 citat
397 3208 524 3278 Victor.
541 3203 596 3274 lib.
612 3230 646 3289 ν,
663 3228 737 3299 cap.
751 3229 817 3291 xx,
831 3206 887 3274 ubi
900 3207 988 3292 inter
1006 3204 1086 3288 alios
1103 3231 1179 3277 ver-

162 3341 219 3384 sus
237 3313 523 3386 Menandrihunc
544 3310 702 3381 adducit:
1151 3314 1156 3322 “

106 3425 155 3490 Τὸ
177 3418 241 3518 γὰρ.
255 3423 438 3515 apertarum,
457 3416 544 3487 τουτ’
561 3420 621 3514 ἐγὼ
639 3415 729 3511 κρίνω
748 3419 838 3484 Θεόν.

102 3529 193 3601 Nam
212 3527 302 3622 quod
323 3551 377 3598 me
397 3525 472 3614 alit,
487 3525 521 3594 id
534 3549 599 3619 ego
614 3523 712 3619 plane
725 3523 837 3618 judico
855 3525 974 3606 Deum.

389 3679 472 3747 Acr.
504 3698 555 3745 111.
584 3673 638 3745 Sc.
667 3697 709 3743 111
731 3665 792 3762 (vs.
825 3665 924 3758 561).

110 3816 237 3888 «Solus
254 3818 362 3887 amico
384 3817 549 3887 amicus.»
575 3811 818 3908 Apollodorus:

106 3926 217 4003 Μόνος
237 3923 362 4019 γε’τσὺς
380 3921 485 4012 ainau<
504 3919 677 3989 ἐπίσταται
697 3924 801 4010 φιλεῖν.

105 4034 156 4102 Ut
179 4034 236 4126 qui
260 4029 348 4100 solus
370 4029 625 4128 amicostamare
646 4025 772 4094 didicit.

973 4127 1109 4225 ts
