3000 4866
418 423 483 492 Ex
510 421 683 492 CODICE
712 420 979 493 OXONIENSI.
1154 448 1221 494 xxv
1252 443 1265 497 t

155 557 337 627 invenitur:
359 554 534 649 inquibus
554 554 614 622 ista
637 553 689 622 lex
712 553 920 640 observatur,
938 569 977 624 ut
997 579 1128 651 semper
1151 557 1217 628 duo

155 663 248 732 iambi
263 688 324 758 pro
339 687 411 730 uno
423 660 507 756 pede
520 674 767 755 computentur,
776 658 821 729 ob
834 659 1034 730 celeritatem
1045 665 1219 757 temporis,

154 795 247 864 quam
267 782 455 863 occupant,
477 781 558 838 teste
575 768 715 835 Horatio
731 767 765 834 in
787 765 873 835 libro
891 768 1031 838 Poeticae
1047 756 1080 837 ¹⁴.
1101 771 1217 838 Imita-

154 891 205 945 tur
221 861 243 900 ¹⁵
259 891 374 945 autem
392 874 566 958 Naevium,
583 872 756 960 Plautum,
774 873 937 959 Ennium,
959 888 1087 943 veteres
1104 876 1216 944 Comi·

153 1009 220 1070 cos,
240 985 475 1078 praecipueque
489 980 731 1067 Menandrum,
745 981 802 1074 qui
814 978 914 1074 longe
926 994 1002 1048 ante
1013 981 1122 1074 ipsum
1135 981 1217 1050 duas

152 1087 484 1181 Fabulasdescripsit
502 1071 525 1110 '⁶
549 1088 582 1155 in
600 1109 682 1180 quas
703 1086 869 1155 transtulit
883 1086 1033 1180 quaedam
1053 1112 1093 1156 ex
1112 1088 1219 1156 Perin-

152 1197 216 1265 thia
237 1195 343 1278 illius,
361 1218 434 1288 quae
448 1217 635 1262 convenere
655 1205 722 1261 tam
745 1193 779 1260 in
799 1217 914 1278 sensu,
935 1216 1034 1287 quam
1057 1194 1091 1262 in
1111 1191 1217 1288 stylo:

151 1301 340 1396 idcircoque
359 1300 504 1395 graviter
523 1297 831 1395 reprehendebatur
843 1298 885 1366 ab
905 1297 1039 1368 ramulis.
1061 1300 1106 1367 At
1126 1297 1149 1337 ¹⁷
1169 1313 1217 1368 ta·

151 1433 222 1478 men
243 1407 456 1492 notandum,
476 1407 563 1475 inter
587 1430 703 1480 omnes
724 1406 878 1476 Comicos
902 1405 1001 1474 istum
1027 1406 1218 1474 Terentium
1312 1467 1321 1484 ,,

151 1515 190 1583 ab
208 1501 230 1539 ¹⁸
243 1515 317 1584 hoc
333 1510 608 1609 principalitatem
618 1510 802 1606 possidere,
817 1535 919 1606 quum
936 1509 961 1550 ¹⁹
982 1512 1219 1607 proprietatem

150 1622 340 1690 verborum
356 1644 424 1714 prae
446 1619 600 1704 omnibus
626 1618 822 1688 observavit
843 1616 932 1688 Illud
954 1622 1053 1688 etiam
1074 1617 1217 1688 animad-

150 1726 364 1815 vertendum,
378 1726 439 1795 has
458 1724 598 1794 Fabulas
615 1750 683 1794 non
703 1725 747 1793 ab
766 1726 838 1818 ipso
857 1725 1009 1793 recitatas
1022 1748 1093 1794 esse
1112 1727 1146 1792 in
1170 1749 1218 1793 se·

151 1848 228 1903 natu
239 1832 280 1920 ²⁰,
290 1832 348 1902 sed
363 1857 383 1900 a
397 1829 575 1927 Calliopio,
586 1829 609 1855 ²¹
626 1829 807 1901 clarissimo
820 1832 905 1918 viro,
920 1832 1063 1925 satisque
1080 1830 1224 1919 erudito,

151 1943 200 2008 cui
216 1942 289 2035 ipse
303 1939 469 2034 praecipue
484 1937 694 2024 adhaerebat,
713 1937 872 2032 cujusque
885 1961 950 2032 ope
961 1938 1220 2026 sustentabatur,

149 2054 182 2114 'et
197 2047 400 2116 auctoritate
418 2044 622 2114 audiebatur.
642 2041 836 2112 Modulator
852 2057 963 2112 autem
978 2044 1099 2113 harum
1116 2043 1220 2112 Fabu-

151 2149 257 2221 larum
272 2152 335 2221 fuit
346 2149 482 2221 Flaccus
493 2177 502 2239 3
514 2153 785 2246 quotiescumque
795 2151 883 2219 enim
901 2149 1135 2231 recitabantur,
1149 2163 1220 2240 erat

151 2257 352 2342 modulator,
380 2273 414 2326 et
440 2256 512 2345 alii,
536 2259 590 2352 qui
619 2271 714 2351 gestu
740 2255 889 2351 corporis
916 2255 1050 2324 eosdem
1079 2253 1220 2325 allectus

152 2365 304 2459 agebant.
318 2364 491 2434 Comoedia
499 2365 587 2433 enim
596 2364 640 2432 ita
654 2377 799 2443 constat,
811 2375 925 2430 utnon
939 2387 991 2431 res
1005 2375 1112 2458 gestas
1126 2385 1221 2430 more

153 2469 367 2540 historiarum
387 2459 501 2539 narret
514 2467 550 2557 ²¹,
569 2469 626 2540 sed
642 2495 684 2538 ex
698 2467 918 2539 collocutione
935 2492 1150 2563 personarum
1168 2493 1222 2537 res

155 2593 244 2671 gesta
265 2576 580 2672 comprehendatur,
596 2577 689 2670 quasi
710 2578 872 2646 intereos
892 2589 974 2645 tunc
997 2588 1123 2669 agatur.
1145 2577 1219 2643 Hoc

155 2709 285 2778 quoque
302 2683 503 2763 notandum,
525 2685 603 2778 quia
622 2707 691 2752 non
710 2682 833 2776 absque
855 2707 892 2750 re
913 2683 1072 2776 imagines
1095 2681 1217 2749 Teren·

155 2791 248 2859 tianae
269 2788 404 2884 turgido
426 2803 460 2858 et
476 2789 590 2858 inflato
606 2813 664 2857 ore
686 2791 876 2884 pinguntur.
897 2787 1064 2856 Facundia
1079 2787 1166 2856 enim
1185 2801 1219 2855 et

157 2895 292 2966 affluens
306 2894 492 2989 eloquentia
508 2897 722 2964 Comicorum
735 2921 795 2990 per
805 2896 870 2966 hoc
885 2896 1045 2979 innuitur,
1060 2895 1137 2987 quia
1151 2893 1220 2962 fas-

158 3005 242 3072 tuosi
257 2989 281 3028 ²³
301 3001 496 3096 loquuntur,
514 3015 552 3068 ut
568 3003 742 3086 Horatius,
766 3004 836 3069 Art.
857 3014 945 3094 poet.
959 3025 1006 3068 vs.
1024 3008 1089 3094 94:

197 3220 242 3276 14.
258 3215 366 3266 Poetrioe
380 3213 426 3265 ar.
755 3213 800 3266 18.
819 3210 859 3264 Ob
874 3211 919 3262 Br.

197 3290 298 3346 15.1d.
314 3293 426 3345 Imitatus
442 3302 485 3342 est.
755 3309 799 3360 ¹9·
813 3290 934 3360 Quoniam
945 3287 984 3342 id.

198 3377 242 3426 16.
259 3373 401 3444 Composuit
416 3389 467 3441 pro
480 3371 603 3440 descripsit
622 3369 666 3422 ha·
753 3389 799 3422 no.
822 3371 854 3422 Iu
873 3369 916 3422 Br.
934 3367 1108 3440 superscript.
1130 3385 1222 3420 scena:

158 3451 200 3504 bet
213 3453 256 3504 Br.
273 3465 301 3505 et
315 3450 410 3504 addit:
427 3453 466 3502 ιί.
482 3441 522 3518 (ἱά
533 3439 596 3517 est‚)
609 3450 665 3501 An·
711 3467 790 3519 qnam
813 3467 867 3502 ease
890 3447 1020 3502 verissim.
1040 3447 1100 3500 lect.
1121 3445 1221 3517 judicat

157 3528 238 3584 daiam
248 3545 274 3584 et
285 3531 459 3584 Perinthiam.
472 3529 539 3594 Quae
549 3528 586 3582 ita
595 3547 666 3582 com·
710 3529 810 3594 Bruns,
824 3541 850 3582 et
864 3529 921 3580 vult
935 3529 1018 3580 Zeun.

157 3611 247 3680 posito
264 3623 346 3675 sunt,
368 3623 411 3670 ut,
428 3609 476 3679 qni
495 3627 574 3662 unam
586 3608 664 3661 intel·
752 3625 797 3660 ar.
812 3607 920 3677 Calliop.
933 3607 979 3659 Br.

155 3689 253 3756 lexerit,
263 3691 355 3744 amhn
365 3687 502 3760 intelligat.
517 3689 585 3740 Sunt
594 3689 664 3742 enim
753 3707 798 3740 aa.
811 3685 853 3739 Id.
865 3705 918 3738 nar.
934 3705 980 3738 mo.
994 3685 1049 3736 hist.

158 3767 291 3824 dissimiles
302 3770 331 3822 in
342 3787 419 3821 sensu
428 3806 436 3831 ,
446 3781 472 3820 et
481 3768 605 3832 materia,
617 3765 664 3820 sed
752 3768 796 3819 23.
811 3767 927 3817 thrwse
938 3762 973 3817 id.
989 3763 1221 3836 «superscriptum

157 3850 316 3904 concordant
337 3847 459 3902 oratione
476 3865 507 3900 ac
522 3847 600 3916 stylo.
617 3847 665 3900 Hic
710 3848 743 3900 ab
758 3847 866 3916 antiqua
887 3860 969 3900 manu
986 3847 1097 3913 fastuose
1117 3865 1127 3896 .·
1148 3841 1222 3898 etin

156 3930 293 3987 Terentius
324 3941 387 4000 post
419 3929 504 3997 ipsum
536 3925 664 3980 Andriam
711 3945 793 3996 marg.
802 3923 1091 3978 addituruarecentiori
1103 3946 1108 3974 :
1120 3923 1224 3978 Comici

154 4011 227 4065 aliem
237 4010 363 4081 scripsit,
378 4007 486 4078 inqua,
500 4019 580 4060 etc...
593 4032 602 4052 ·
711 4007 823 4058 fastuose
836 4005 996 4075 loquuntur,
1007 4003 1034 4056 id
1055 4015 1105 4067 est,
1120 4001 1224 4056 tumido

193 4111 237 4160 17.
252 4093 292 4146 At
307 4087 382 4143 delet
395 4087 439 4140 Br.
712 4105 767 4137 ore.
780 4111 790 4132 ι
809 4085 897 4136 Bruns.
