3000 4866
402 395 575 462 VICTOR
601 395 663 462 DE
691 393 968 462 (ΣΟΜΟΕΙΠΑ.Ι
1164 421 1197 467 m

151 549 311 620 magenes,
344 539 474 595 aetatem
505 525 698 612 virtutihus,
728 525 818 594 haud
852 523 962 595 indole
1001 531 1198 624 prevenisti.

150 634 304 720 Quocirca
329 633 454 701 nemini
478 631 629 702 videatur
649 630 810 715 alienum,
829 633 875 716 si,
894 632 984 726 quod
1002 637 1044 706 ab
1067 641 1199 735 ingenio

151 737 368 832 proficiscitur,
388 740 520 832 ingenio
538 739 706 834 praestanti
720 737 965 808 adolescentulo
978 765 1199 841 nuncupatur.

151 847 302 914 Castum
323 845 468 914 arbitror
483 869 538 914 me
557 847 653 931 meis,
674 859 837 939 quotquot
856 857 1038 940 potuerunt
1059 853 1201 947 intendi,

151 951 261 1021 viribm
276 967 550 1039 consecuturum,
567 976 609 1020 ne
626 949 766 1046 amplius
784 950 864 1044 quid
881 976 1006 1022 novum
1025 973 1082 1026 aut
1097 959 1201 1054 ¹retus,

149 1057 257 1150 quidve
268 1059 434 1143 medium3
455 1073 487 1127 et
500 1083 560 1127 cur
571 1059 605 1125 in
615 1057 787 1126 Comoedia
805 1057 944 1144 dicatur,
958 1059 1045 1129 ullus
1061 1064 1201 1159 ignoret.

150 1164 239 1252 Quod
257 1165 419 1238 hactenus
441 1163 494 1233 rel
510 1166 668 1233 omissum
688 1187 708 1232 a
728 1165 873 1251 Latinis,
894 1163 947 1232 vel
966 1166 1128 1240 abolitum
1149 1177 1202 1245 ve?

150 1281 275 1356 astate,
297 1269 421 1341 saecula
442 1285 554 1340 nostra
577 1269 812 1339 desiderarunt.
831 1270 939 1340 Multa
960 1274 1094 1367 quidem
1110 1303 1204 1374 egre·

150 1377 195 1469 gie
211 1381 384 1466 Donatus,
409 1376 515 1446 multa
539 1376 735 1460 Diomedes,
760 1391 794 1446 et
821 1377 905 1446 adeo
934 1379 1030 1449 bonis
1052 1388 1204 1481 auspiciis

149 1483 366 1576 protulerunt,
381 1499 419 1553 ut
434 1508 473 1553 ea
488 1484 694 1578 grammatici
710 1484 830 1577 passim
844 1485 878 1551 in
892 1509 952 1553 sua
965 1493 1201 1566 transcribant:

149 1589 198 1658 sed
214 1605 326 1660 minen
336 1591 405 1660 huc
422 1587 477 1658 illa
495 1613 613 1684 parum
630 1588 795 1677 videntur,
812 1591 1008 1661 immonihil
1022 1600 1200 1690 pertinere.

148 1695 296 1785 Quaedam
317 1698 418 1790 igitur
435 1721 456 1764 a
476 1696 809 1780 Graecisauctoribus
831 1711 865 1764 et
890 1700 1017 1770 Latinis
1034 1701 1206 1801 haudqua-

147 1826 233 1894 quam
256 1803 459 1899 nominatim
480 1815 665 1896 pertracta,
682 1825 799 1870 verum
820 1802 927 1872 obiter
951 1804 1089 1880 disserta
1107 1813 1205 1885 colle.

149 1909 261 2000 gimus:
287 1908 441 2004 quaedam
469 1908 550 2003 ipsi,
572 1907 699 1976 collatis
722 1909 807 1978 inter
835 1933 870 1977 se
896 1909 1026 1997 multis,
1047 1916 1217 1992 elicienda‘

147 2036 181 2084 ac
200 2015 349 2085 breviter
366 2016 556 2084 curavimus
573 2013 778 2101 adnotanda,
796 2039 869 2107 quae
885 2014 943 2082 tihi
959 2043 1065 2112 pauca
1083 2049 1206 2118 parvus

145 2144 198 2214 ego
222 2121 371 2208 devovi,
390 2121 526 2216 perinde
549 2117 647 2214 atqiie
668 2145 761 2190 suam
788 2119 991 2214 Virgilianos
1018 2125 1077 2195 ille·
1089 2133 1205 2204 Micon

147 2229 258 2299 Dianae
283 2229 514 2298 venationem.
532 2229 689 2296 Fatemnr
711 2229 799 2295 enim
824 2241 859 2296 et
887 2251 1021 2318 corum,
1043 2257 1117 2326 quae
1144 2263 1206 2308 nos

146 2336 277 2404 minime
297 2335 532 2428 praeterierint,
563 2334 758 2404 subticuisse
783 2333 966 2429 complura.
995 2338 1068 2408 Jam
1095 2343 1207 2437 itaque

146 2456 289 2511 nostram
310 2441 471 2510 hactenus
488 2439 664 2534 obligatam
679 2439 778 2509 fidem
792 2440 1011 2512 absolvamus.
1028 2449 1208 2521 Comoediae
1251 2435 1254 2444 ⁴

146 2572 263 2618 nomen
286 2571 306 2615 a
325 2547 487 2616 Daemode
505 2549 613 2616 Como
631 2545 781 2641 religiose
807 2547 986 2618 admodum
1006 2552 1208 2627 arbitramur

146 2677 207 2724 esse
230 2653 432 2738 deductum,
453 2655 610 2747 quoniam
627 2667 660 2722 et
682 2655 859 2723 comessari
874 2655 916 2724 de
930 2659 1064 2727 nomine
1081 2659 1208 2733 dictum

146 2761 360 2830 Philostratus
384 2759 546 2846 affirmat,
576 2757 670 2853 cujus
699 2759 823 2830 scihcet
849 2764 993 2831 numinis
1015 2765 1208 2840 dexteritate

146 2866 297 2961 quaehhct
316 2865 507 2936 homiuibus
528 2867 636 2935 hausta
657 2869 854 2936 comessatio
876 2867 1018 2938 daretur.
1037 2874 1128 2960 Quid
1150 2899 1208 2946 au·

147 2987 207 3042 mm
222 2977 265 3043 sit
275 2974 472 3054 comessari,
486 2972 705 3042 Philostratus
720 2975 862 3068 imagine
881 2977 978 3044 Comi
992 2975 1118 3049 facilius
1132 2984 1208 3071 tibi,

146 3105 240 3174 quarn
263 3105 326 3175 ego
352 3080 494 3174 possim,
512 3078 769 3167 demonstrabit,
797 3079 853 3148 uhi
883 3079 978 3175 fingit
1000 3107 1076 3154 eum
1102 3087 1207 3158 ferve-

147 3202 254 3255 scente
269 3212 363 3255 mero
382 3186 536 3278 supinum
552 3185 748 3273 dormitare,
763 3185 911 3279 facieque
924 3212 993 3280 prae
1011 3193 1112 3260 nimio
1126 3210 1208 3287 potu

147 3292 361 3377 scintillante,
386 3291 554 3361 rhonchos
577 3291 619 3360 ab
641 3293 709 3360 imo
734 3307 868 3386 pectore
893 3307 1030 3363 stertere
1049 3297 1211 3368 deducer-

148 3413 221 3468 tem.
239 3401 426 3492 Utriusque
444 3403 526 3468 vero
546 3421 643 3466 sexus
656 3399 827 3485 homines,
845 3397 879 3466 id
896 3398 986 3493 quod
1002 3402 1071 3493 ipse
1082 3402 1212 3474 desidi·-

148 3523 213 3590 rat,
231 3506 396 3602 gregatim
423 3505 568 3573 vestibus
588 3506 800 3598 permutatis,
820 3504 1004 3599 plausuque
1025 3512 1211 3598 concinno,

147 3635 210 3704 quo
225 3615 368 3690 maxime
384 3624 524 3704 possunt
542 3611 639 3704 genio
656 3609 835 3704 indulgere.
855 3609 956 3698 Quod
975 3611 1084 3704 ipsum
1099 3617 1132 3685 in
1150 3611 1212 3691 hnc

149 3719 225 3786 urhe
247 3720 367 3814 saepius
386 3715 515 3802 vidisti,
533 3741 635 3811 quum
650 3711 877 3802 mimariaelut
891 3707 1004 3810 aiunt)
1026 3719 1214 3796 saltationes

149 3821 288 3896 hibernis
301 3824 460 3893 noctibus
475 3822 814 3916 debacchantur‚quae
826 3823 1050 3896 testePolluce
1068 3825 1213 3922 κόρδακες

149 3933 300 4028 appellari
322 3943 539 4000 consuerunt.
559 3927 641 3998 Noli
660 3930 761 4023 igitur
778 3953 835 3996 eos
856 3928 987 4015 audire,
1006 3935 1062 4026 qui
1086 3959 1214 4006 conros-
1311 3989 1318 4004 .

29 4117 36 4130 .
147 4041 206 4108 sari
225 4040 353 4112 dictirnr
372 4048 493 4130 putant
509 4035 650 4119 abesa,
666 4037 821 4128 quoniam
836 4059 854 4102 s
870 4035 1009 4132 simplici
1032 4050 1216 4114 necessario
1333 4137 1335 4144 Ι
