3026 4862
343 349 420 432 dod
565 341 750 414 PUBLII
776 341 1034 412 TERENTll
1061 341 1186 410 AFRI

265 523 268 532 ·
343 481 432 550 Cen.
461 474 591 546 Scilicet
613 473 766 570 equidem
790 477 875 546 istuc
906 473 1031 547 factum
1060 475 1253 569 ignoscam
1275 497 1382 562 reum,

503 585 668 670 Sostrata,

345 689 435 762 Male
452 689 550 758 docet
569 703 602 758 te
620 711 693 758 mea
709 686 847 758 facilitas
861 685 975 758 multa.
992 685 1057 758 Sed
1071 688 1155 756 istuc
1170 686 1322 782 quidquid
1334 703 1381 772 cst,

344 799 421 887 Qua
442 797 507 866 hoc
529 809 705 890 occeptum
726 793 766 864 'st
787 817 902 882 causa,
918 793 1084 890 eloquere.
1105 795 1207 865 Sosr.
1232 797 1281 863 Ut
1300 793 1383 863 stulte

499 917 533 972 et
550 926 678 971 miserae
694 926 810 970 omnes
828 926 941 970 sumus

342 1009 537 1104 Religiosae3
562 1029 664 1102 quum
693 1007 921 1102 exponendam
941 1005 991 1075 ‘do
1016 1004 1084 1095 illi,
1106 1006 1149 1077 de
1176 1006 1280 1101 digito
1301 1031 1382 1074 annu·

498 1114 567 1184 lum
1354 1141 1382 1177 c.

339 1221 509 1306 Detrahe,
525 1236 559 1291 et
575 1245 650 1291 curn
669 1219 744 1290 dieo
759 1235 797 1290 ut
811 1245 878 1290 una
895 1243 971 1289 oum
985 1219 1096 1316 puella
1110 1233 1300 1316 exponeret.

340 1331 374 1399 Si
397 1342 599 1411 moreretur,
619 1351 662 1396 ne
682 1351 800 1422 expers
820 1327 924 1422 partis
945 1341 1030 1396 esset
1050 1327 1091 1396 dc
1109 1327 1234 1396 nostn's
1250 1325 1342 1394 bonis.

339 1439 429 1506 Cnn.
451 1437 543 1506 Istuc
563 1447 653 1502 recte
671 1458 678 1500 :
699 1434 902 1503 conservasti
924 1444 958 1500 te
982 1449 1082 1528 atque
1102 1431 1205 1502 illam.
1227 1433 1314 1504 Sosr.
1334 1430 1380 1499 llic

393 1595 397 1600 .
499 1541 526 1609 is
545 1554 596 1608 est
615 1537 767 1609 annulus.
841 1554 845 1560 '

340 1651 429 1718 Cnn.
452 1645 552 1716 Unde
574 1643 701 1714 hahes?
718 1647 819 1716 Sosr.
839 1647 951 1736 Quam
973 1645 1112 1715 Bacchis
1134 1663 1249 1714 secum
1271 1641 1379 1712 adduxit
1439 1703 1440 1708 ,

497 1750 785 1823 adolescentulam.
806 1755 886 1823 Sua.
901 1748 1005 1822 Hem!

338 1863 429 1930 Gna.
446 1858 536 1948 Quid
554 1883 593 1928 ea
610 1856 744 1927 narrat?
759 1859 856 1929 Sosr.
871 1861 938 1949 Ea,
954 1857 1100 1928 lavatum
1115 1856 1198 1927 dum
1214 1857 1255 1941 it,
1272 1877 1376 1924 serran-

495 1963 575 2034 dum
594 1965 676 2034 mihi
693 1962 793 2034 dedit.
1351 1988 1378 2026 ss

337 2072 493 2142 Animum
521 2095 591 2140 non
617 2069 748 2140 adrorti
771 2073 938 2166 primum,
965 2071 1022 2140 sed
1050 2085 1226 2165 postquam
1252 2067 1376 2162 adspexi,

497 2176 583 2248 illico

376 2420 443 2480 648.
455 2418 548 2470 Temese
551 2417 665 2486 facilitas
675 2417 759 2470 multa.
767 2415 846 2470 Both.
891 2415 981 2472 datam
1007 2417 1085 2471 luisse
1110 2418 1138 2470 in
1158 2415 1248 2470 dotent
1270 2416 1374 2468 borona

337 2517 389 2550 msa
397 2500 449 2564 suc.
469 2509 491 2548 te
506 2497 590 2549 multa.
608 2518 648 2540 -ι-
658 2493 727 2550 Male
740 2493 808 2550 docet
827 2511 849 2549 te
891 2511 994 2570 partem
1008 2495 1148 2551 decimam.
1164 2497 1261 2550 Juvenc.

338 2597 390 2630 mee
403 2577 517 2644 facilitas
533 2585 607 2630 mutu.
618 2576 659 2630 Te
673 2576 742 2630 male
758 2577 842 2632 multe
932 2577 1001 2631 653.
1014 2577 1065 2630 Hie
1075 2581 1097 2630 ie
1108 2589 1143 2629 est
1157 2597 1216 2629 ann.
1229 2577 1301 2628 Bent.
1312 2571 1373 2624 etla.

336 2658 422 2712 heere
436 2654 537 2711 suadet.
602 2704 605 2710 ,
892 2657 918 2709 Is
930 2658 1064 2710 hicestau.
1076 2656 1156 2710 Both.
1168 2653 1373 2708 liceantu-

337 2741 344 2750 '
378 2739 445 2805 649.
459 2737 589 2809 Eloquere.
598 2735 679 2808 Valp.
693 2736 797 2808 laquem
809 2767 848 2778 —
893 2735 1048 2790 conservasti
1056 2733 1124 2802 te,'id
1133 2747 1182 2799 est,
1192 2735 1303 2788 animam
1312 2744 1373 2790 tuan,

337 2814 426 2868 Stulta
435 2828 460 2868 et
468 2821 566 2869 misere.
579 2815 677 2886 Delph.
690 2812 849 2868 adverbiali·
891 2817 964 2870 salve
974 2814 1142 2870 conscientia.

337 2907 378 2948 ter
391 2896 462 2947 stulte
475 2909 501 2948 et
513 2899 603 2947 misere.
619 2925 658 2938 —-
674 2895 789 2964 Quados
806 2913 847 2946 oe·
932 2897 999 2960 654.
1014 2895 1130 2948 Adduxit
1143 2887 1372 2948 adolescentumll·

336 2985 430 3044 ceptum
450 2975 482 3026 'st
499 2993 571 3026 cause
580 3011 588 3038 ,
610 2973 670 3045 elop.
690 2973 751 3038 Qua
771 2991 851 3030 caute
890 2985 919 3026 et
932 2973 1026 3028 Boend.
1043 2975 1158 3041 adduit,
1171 2997 1203 3028 ee
1215 2968 1372 3026 adolescentia

337 3053 449 3126 incipias
465 3053 536 3107 hanc
552 3052 733 3105 narrationem
750 3051 784 3106 de
803 3071 847 3106 er·
890 3052 943 3106 Sed
960 3057 989 3108 τὸ
1009 3075 1039 3108 ee
1057 3055 1186 3126 glossema
1203 3052 1316 3116 ridetur,
1326 3045 1372 3120 quit

215 3173 219 3180 .
336 3134 423 3206 posita
432 3133 500 3199 filim
512 3151 567 3204 qrro
577 3129 687 3185 tendant
698 3131 737 3184 ilti
747 3147 848 3186 sermo·
890 3133 953 3187 Mes.
975 3134 1084 3206 plurimi
1107 3135 1241 3190 omittunt.
1256 3131 1329 3184 Wess
1344 3155 1372 3170 -·

336 3232 382 3267 nes
393 3213 447 3280 tui;
458 3211 523 3286 quid
534 3213 632 3266 lactum
642 3212 674 3264 sit
682 3211 844 3282 ergo-Ut,
891 3210 973 3283 Quam
988 3213 1093 3267 Bacchis
1113 3235 1210 3277 secum,
1230 3225 1277 3266 etc.
1288 3209 1323 3263 tt
1339 3207 1372 3258 illl

335 3293 455 3366 quim-
464 3293 569 3360 ornnes,
581 3309 617 3344 sc.
628 3309 677 3344 nos
686 3291 817 3345 mulieres.
889 3291 1083 3348 adolescentula
1097 3313 1181 3366 quern
1194 3291 1297 3347 Bacchis
1305 3285 1371 3343 addu-

377 3372 443 3427 650·
455 3373 591 3444 Religioeoe.
604 3371 845 3442 Superstitionem-⁵·
889 3371 928 3426 xit
942 3391 1041 3426 necuim

335 3454 440 3517 -Do‚
453 3471 504 3525 pro
517 3451 665 3524 preterito,
680 3449 744 3504 dedi.
929 3451 996 3507 6⁵5.
1016 3453 1132 3523 Quideu.
1152 3453 1204 3506 Alii
1220 3449 1277 3524 quid
1289 3446 1370 3500 ille.-

376 3533 443 3586 6⁵1.
458 3532 530 3586 Dico.
546 3531 599 3585 Alii
619 3530 695 3584 edc'cm
710 3560 751 3574 -·
766 3531 844 3597 Dico,
888 3531 939 3586 Eu.
954 3532 1100 3604 Antiphila.
1113 3563 1154 3575 -
1166 3533 1279 3584 Lavatron
1292 3527 1339 3578 dm
1349 3527 1369 3573 l!-

332 3614 405 3666 anui.
828 3649 831 3656 ,
886 3611 938 3664 Hic
960 3613 1043 3666 multa
1063 3613 1183 3683 congerit
1201 3614 1228 3664 in
1249 3607 1317 3661 Notis
1330 3604 1368 3654 lh·

373 3691 439 3746 652.
455 3691 494 3746 Ne
509 3709 592 3762 expers
603 3693 697 3761 partis,
712 3701 763 3744 etc.
782 3690 843 3744 -Ut
885 3689 971 3758 cieris,
982 3710 1015 3746 ex
1024 3691 1368 3764 quibusinnosemtquscum

233 3785 235 3790 '
331 3773 464 3845 particeps
472 3767 842 3842 essetalicujusreideuostris
884 3783 940 3824 arte
955 3772 1017 3825 lecit
1029 3771 1171 3826 Terentius
1182 3766 1331 3841 Antiphilam
1343 3778 1367 3811 τι

330 3852 436 3906 bonis·
450 3851 533 3904 Aiunt
543 3850 628 3923 legem
641 3849 720 3904 luisse
730 3849 841 3902 Athenis
883 3849 1367 3924 omnihussolameste‚quularetpot¹
1439 3879 1440 3930 p

327 3951 387 4003 qne
395 3928 839 3994 filiasvenretadireheredintem,
882 3931 980 4004 epulas.
1439 3991 1440 4006 χ

325 4011 444 4067 sienem
453 4010 509 4066 nati
521 4009 601 4065 etiam
612 4008 737 4066 liliitillis
747 4023 835 4064 tamen
923 4011 989 4066 656.
1011 4011 1126 4066 Animum
1148 4030 1195 4066 nore
1213 4008 1264 4063 adr.
1278 3997 1365 4059 steht·
1439 4009 1440 4066 f
