2890 4866
145 419 162 452 q
395 355 569 426 vrcron
596 357 659 428 nn
687 357 937 430 cononum.
1127 387 1195 436 m

121 492 249 563 dicitur
271 491 494 584 ἀγρικώτερος,
515 492 691 585 quoniam,
711 507 748 562 ut
774 505 845 577 erat
871 494 1018 592 undique
1045 519 1196 587 severus,

121 602 159 670 in
176 597 300 667 deliciis
316 598 414 670 etiam
438 596 522 666 nihil
544 597 691 669 haberet

178 707 374 791 Ceterum,
403 701 479 773 licet
508 703 612 774 multa
639 707 706 775 sint
734 729 855 801 genera
882 707 1056 795 tibiarum,
1082 725 1195 783 tamen

122 811 342 880 duo-scenam
361 811 570 906 potissimum
585 809 1012 906 frequentabant‚videlicet
1025 817 1192 912 Phrygiae:

122 942 268 1013 quarum
296 915 464 985 nonnullae
492 917 593 986 modo
622 915 763 1000 dextrae,
792 916 894 989 modo
924 922 1061 992 sinistrae
1085 949 1192 1043 pone-

122 1025 256 1094 bantur.
272 1026 424 1112 Dextrae‚
436 1048 510 1117 quae
525 1022 676 1093 foramen
692 1027 826 1094 unicum
842 1025 1025 1097 haberent·
1041 1031 1193 1122 sinistrae,

123 1157 201 1252 quae
226 1130 357 1199 duobus
386 1145 496 1199 essent
520 1130 737 1201 foraminibus
761 1131 932 1202 distinctae.
958 1135 1106 1250 Quippe
1113 1139 1194 1206 Ser·-

126 1239 220 1324 uius,
236 1239 422 1322 Varronem
438 1251 618 1332 sequutus,
635 1236 743 1308 duas
736 1263 878 1334 impares
891 1265 1052 1310 cavernas
1077 1195 1195 1337 liujus·

124 1343 257 1414 cemodi
274 1343 361 1413 tibiis
386 1343 485 1413 fuisse
511 1358 669 1429 testatur,
689 1369 727 1414 ac
749 1345 911 1415 foramina
929 1347 1075 1417 totidem.
1095 1349 1195 1418 Unde

124 1449 286 1546 Virgilius
298 1473 412 1518 earum
428 1449 570 1520 biforem
584 1465 719 1520 cantum
738 1450 899 1546 appellat,
913 1468 1090 1550 propterea
1104 1455 1196 1551 quod

123 1581 245 1651 graves
266 1571 301 1626 et
321 1571 435 1625 acutas
453 1558 643 1626 emitterent
659 1583 722 1652 pro
741 1559 883 1629 tibicinis
901 1559 1038 1630 arbitrio
1057 1561 1196 1632 vocula·

125 1665 242 1733 tiones.
271 1661 392 1732 Alterae
421 1678 499 1734 sunt
525 1665 691 1749 Serranae,
718 1665 765 1736 sic
791 1655 978 1759 (arbitror)
1003 1666 1195 1763 appellata,

123 1771 286 1864 quoniam
306 1769 346 1839 iis
367 1768 540 1840 saltatores
560 1784 595 1839 et
615 1770 766 1864 proferre
787 1785 820 1840 et
838 1773 962 1841 referre
976 1775 1095 1868 pedem
1115 1801 1198 1844 con·

126 1879 222 1946 tinuo
244 1876 456 1970 juberentur,
483 1901 552 1945 non
580 1901 675 1946 secus
701 1889 802 1971 atque
825 1891 994 1964 sectores,
1022 1883 1078 1974 qui
1106 1907 1199 1954 serra

123 1983 245 2052 adacta
282 1983 398 2078 partiri
434 1981 524 2078 ligna
559 1998 733 2054 conantur.
757 1983 926 2078 Siquidem
951 1989 1127 2080 Pompeius
1154 1990 1201 2057 ait

124 2113 255 2159 serram
277 2089 311 2158 id
330 2087 480 2184 praelium
502 2089 566 2158 dici
587 2113 655 2184 quo
674 2089 864 2184 frequenter
882 2093 969 2160 acies
990 2107 1025 2161 et
1041 2093 1200 2164 accedere

125 2211 163 2265 et
180 2195 336 2265 recedere
351 2194 483 2264 soleret.
499 2199 560 2266 Hoe
580 2219 711 2289 semper
727 2211 823 2265 erant
842 2197 1001 2282 sinistrae,
1020 2223 1201 2294 paresque,

126 2301 164 2370 id
183 2315 250 2390 est,
271 2299 414 2395 aquales
435 2304 608 2371 cavernis:
630 2301 835 2399 proindeque
851 2327 967 2400 parem
983 2307 1203 2390 concentum,

127 2423 267 2478 acutum
290 2407 416 2478 scilicet
433 2410 644 2494 emittebant,
662 2410 942 2504 quemadmodum
962 2413 1097 2482 Servius
1112 2412 1205 2482 haud

126 2514 288 2612 perplexe
306 2516 466 2609 scriptum
488 2515 633 2610 reliquit.
647 2517 889 2588 Verumtamen
905 2517 1086 2588 Diomedes
1107 2519 1205 2590 tibias

126 2645 226 2717 pares
242 2635 277 2690 et
293 2623 438 2716 impares
455 2621 588 2692 videtur
608 2642 749 2693 numero
766 2623 924 2694 definire:
942 2624 1031 2718 quod
1050 2625 1204 2720 equidem

127 2753 200 2797 non
218 2727 315 2798 video
333 2751 394 2798 cur
407 2730 512 2824 possit
527 2727 677 2815 admitti3
691 2753 769 2798 narn
788 2753 850 2826 par
872 2744 906 2799 et
924 2731 1032 2825 impar
1046 2731 1204 2826 qualitate

128 2833 200 2904 l'ere
218 2859 350 2930 semper
369 2837 533 2930 accipitur
549 2859 570 2904 a
584 2835 722 2905 Latinis.
740 2835 907 2931 Exemplo
924 2837 1049 2908 sithoc
1068 2839 1204 2909 Ouidia-

128 2965 232 3011 num:

408 3127 412 3140 ,
432 3065 491 3122 Par
501 3075 564 3123 erat
576 3061 699 3122 inferior
707 3081 820 3122 versus.

130 3255 177 3321 Et
196 3249 278 3320 illud
293 3249 515 3348 Virgilianum
531 3277 540 3318 z

434 3450 602 3508 Formosam
616 3443 737 3525 paribus
750 3445 845 3514 nodis.

131 3568 243 3660 Atque
260 3562 362 3634 illud:

432 3705 532 3781 Impar
547 3719 718 3780 congressus
731 3703 846 3763 Achilli.

132 3891 200 3960 Sed
219 3914 287 3986 quo
305 3889 440 3959 tandem
463 3913 535 3958 sum
556 3890 721 3959 incuriose
743 3888 926 3985 digressus?
943 3893 1059 3988 Egone
1080 3910 1118 3964 ut
1135 3921 1206 3966 ma·

130 4022 199 4093 gna
217 3997 354 4068 nomina
371 3994 585 4092 sugillareml
603 3998 758 4088 Minime,
776 3998 804 4067 si
825 4022 937 4070 meum
957 4001 1038 4070 mihi
1061 4003 1136 4072 vitae
1152 4003 1207 4072 in-

188 4133 218 4198 I.
998 4133 1022 4200 'e
1063 4191 1065 4200 .
