3014 4860
282 421 357 517 390
501 423 678 492 PUBLII
708 423 962 492 TERENTII
990 421 1111 488 AFRI

277 559 434 623 Tractare
452 556 583 647 possim.
602 558 691 626 Cnn.
711 559 764 626 Do
781 558 882 643 istoc,
898 577 1001 649 quum
1021 577 1100 622 usus
1122 554 1266 635 venerit,

280 660 493 746 Videbimus,
508 660 587 754 quid
605 685 689 755 opus
708 665 764 748 sit;
784 685 872 730 nunc
891 662 976 729 istuc
996 683 1068 753 age.
1171 713 1177 726 .
1200 667 1203 676 '

275 768 355 834 Srn.
377 767 556 858 Nunquam
574 768 779 838 commodius
796 791 943 861 unquam
965 766 1082 835 herum
1106 763 1216 832 audivi
1234 763 1348 857 loqui,

277 871 365 956 Nec,
382 895 485 966 quum
507 870 754 958 melchechem,
773 872 942 942 crederem
964 872 1045 939 mihi
1059 871 1234 964 impunius
1300 899 1344 942 se.

279 978 404 1046 Licere.
425 978 586 1065 Quisnam
609 1003 629 1046 a
649 981 743 1052 nobis
765 977 933 1074 egreditur
951 975 1061 1058 lorus?

567 1227 771 1317 SCENA
803 1227 1050 1314 TERTIA.

411 1378 674 1506 cunnmns.
713 1439 988 1507 emmeno,
1023 1437 1203 1506 sunus,

327 1649 417 1716 Cnn.
437 1647 528 1734 Quid
546 1648 649 1733 istuc,
667 1645 801 1741 quaeso?
816 1649 884 1736 Qui
900 1649 972 1716 istic
993 1671 1065 1716 mos
1087 1663 1153 1734 est,
1168 1646 1347 1744 Clitipho?

430 1755 525 1820 Itone
544 1752 615 1821 fieri
634 1751 786 1846 oportet?

274 1863 370 1934 Cur.
393 1859 483 1947 Quid
509 1885 571 1953 ego
595 1857 677 1927 fecii
694 1860 784 1927 Cun.
803 1845 913 1926 Vidin’
933 1883 995 1952 ego
1019 1873 1051 1926 te
1077 1857 1178 1928 modo
1204 1885 1344 1929 manum

434 1965 468 2032 in
485 1963 591 2034 sinum
608 1964 685 2032 huic
704 1965 868 2034 meretrici
1403 1968 1406 1972 '

270 2069 440 2140 Inserere?
454 2072 534 2139 Srn.
552 2075 636 2138 Acta
653 2070 726 2138 haec
744 2095 795 2140 res
810 2083 870 2138 est.
883 2066 986 2139 Perii!
998 2073 1094 2139 Cmr.
1108 2069 1231 2139 Mene?
1248 2075 1342 2141 Cnn.

432 2174 670 2263 Hisce-oculis,
689 2201 731 2244 ne
748 2199 843 2272 nega.

272 2416 318 2466 quo
328 2408 401 2466 poeto
418 2397 446 2448 id
456 2396 515 2466 fieri
526 2395 602 2450 sohar
614 2396 697 2448 calleo.
710 2397 778 2449 Perl.
821 2413 902 2448 cuum
916 2395 985 2464 capit
1002 2395 1038 2447 ite
1053 2395 1183 2448 Perletns:
1199 2397 1276 2448 «Nec
1287 2397 1342 2448 alio

313 2475 378 2545 557.
399 2475 439 2526 De
456 2480 522 2528 istoc.
546 2477 585 2528 De
599 2475 778 2546 interequem
822 2488 943 2545 tempore
960 2472 1097 2527 crederem
1119 2473 1186 2526 mihi
1201 2474 1341 2546 impunius

271 2552 352 2618 dicis,
368 2553 389 2606 ei
403 2554 509 2624 quondo
521 2554 640 2625 Clitipho
655 2572 780 2625 peccave·
824 2553 1160 2624 malefacerelicere,quem
1172 2553 1224 2606 hoc
1235 2567 1340 2625 tempo·

259 2694 261 2700 Ι
271 2633 315 2686 rit.
331 2665 363 2680 ψ·
375 2633 452 2698 Istuc,
463 2632 538 2709 quod
548 2635 641 2687 attinet
651 2631 685 2686 ud
695 2634 781 2687 lilium
824 2651 854 2684 re
869 2633 949 2687 licere
965 2631 1096 2687 videatur.
1105 2657 1117 2678 ι

272 2711 471 2764 Menedemi-
484 2710 718 2784 Age,aggrediere
735 2731 780 2767 ou·
867 2711 932 2766 ⁵61.
962 2714 989 2766 A
1009 2711 1084 2764 nobis.
1108 2715 1131 2762 A
1146 2710 1231 2766 domo
1250 2712 1339 2764 herili.

271 2789 394 2845 rendum.
867 2791 932 2844 ⁵62.
949 2789 1054 2861 Itafieri
1062 2803 1162 2860 oportet.
1179 2793 1340 2861 Abeetopur·

312 2871 377 2925 558.
408 2871 477 2939 Quid
492 2891 550 2941 opus
570 2875 610 2924 sit,
627 2870 681 2924 Alii
700 2871 782 2942 quod,-
826 2869 1338 2941 totaquibuedemlaegitzltanefieri,

272 2949 353 3014 male,
367 2963 397 3002 ut
409 2949 446 3001 eit
458 2950 553 3002 Perlet.
826 2957 926 3020 quaro?
950 2981 990 2992 -
1010 2949 1080 3018 Quid
1091 2953 1167 3014 titur,
1187 2969 1268 3020 queso
1288 2963 1338 3002 etc.

314 3029 380 3097 559.
400 3029 530 3098 Nunquam
541 3029 658 3080 commod.
669 3047 780 3100 rmquarrr.
825 3027 910 3081 Senex
932 3046 948 3081 e
971 3045 1091 3082 sermone
1116 3027 1177 3099 Syri
1196 3027 1339 3099 digressus,

270 3106 363 3162 Boend,
390 3107 472 3178 Nuuq.
489 3109 603 3160 commod.
622 3127 692 3179 quom
711 3127 782 3161 nune.
825 3125 910 3178 quum
923 3107 1010 3178 primo
1023 3108 1143 3179 ingreeen
1154 3108 1181 3160 in
1196 3106 1266 3160 oder
1281 3127 1341 3161 eum

271 3185 540 3244 western-Both.
549 3187 585 3240 N.
592 3187 707 3240 commod.
713 3188 783 3258 quid-
826 3185 1007 3256 deprendisset
1019 3187 1202 3256 Clitiphonem
1215 3187 1340 3240 licentius

271 3287 350 3338 quam.
361 3300 402 3309 -
414 3266 581 3333 Commodius,
593 3267 779 3338 opportunius.
825 3284 852 3317 re
860 3279 994 3335 gerentem
1004 3264 1075 3338 opud
1082 3264 1249 3331 Bacchidem,
1258 3285 1338 3337 quam

271 3347 334 3400 llec
344 3365 432 3400 recum
443 3345 540 3416 Syrus,
553 3347 599 3416 qui
610 3345 680 3398 solus
689 3346 717 3396 io
729 3363 782 3398 ece·
824 3343 1012 3399 edhucClinie
1021 3344 1132 3398 emicem
1141 3363 1195 3398 ecee
1204 3344 1340 3410 credebat,

269 3445 304 3479 ne
315 3427 426 3490 restitit,
445 3423 509 3478 dum
530 3424 656 3480 Chremes
670 3423 780 3477 domum
823 3421 985 3494 regreditur,
1001 3442 1115 3495 eumque
1127 3436 1245 3488 revocet,
1260 3437 1339 3496 etque

287 3508 464 3577 stingreeeue.
824 3521 887 3556 cum
917 3521 949 3556 eo
983 3503 1125 3575 injuriam,
1148 3503 1223 3574 quasi
1249 3504 1337 3558 emico

312 3584 377 3640 560.
398 3585 577 3652 Molefaeerem.
588 3585 675 3638 Murk,
683 3584 780 3650 malese-
824 3594 851 3636 et
860 3581 958 3652 hospiti
968 3583 1073 3647 fucum,
1087 3583 1246 3653 expostulet.
1258 3583 1337 3636 Boed.

269 3668 347 3718 cerim.
361 3665 498 3728 Moretur,
514 3678 539 3718 et
552 3676 612 3735 post
622 3681 683 3716 eum
695 3663 779 3717 Bentl.
823 3659 905 3714 Adde
915 3660 988 3732 quod
1004 3663 1160 3733 scrupulum
1177 3662 1269 3734 injecit
1280 3663 1338 3733 ipse

266 3747 326 3816 Bip.
338 3744 434 3815 Delph.
453 3744 608 3810 malesane,-
627 3741 782 3814 quadrenn-
824 3741 1013 3813 Syrueeupm,
1033 3759 1071 3794 ve.
1089 3743 1155 3804 551,
1173 3741 1237 3795 552.

268 3823 458 3878 tumoitBoth.
473 3821 518 3876 sed
533 3843 588 3875 non
602 3835 778 3892 persecutum,
864 3821 928 3874 563.
956 3821 1023 3873 Huic
1046 3825 1169 3874 meretrici.
1194 3820 1284 3874 Guelf.
1303 3841 1336 3886 π,

268 3920 294 3957 et
304 3905 382 3974 legit,
401 3905 484 3975 Nunq.
500 3904 640 3965 malefacere
658 3903 775 3954 creditam.
822 3902 891 3970 liujus
897 3905 1071 3953 meretricie-
1078 3894 1335 3955 Vidin’.Nouuevidi.

265 3983 331 4046 Quae
339 4001 388 4034 vox
400 3983 519 4034 Plautino
528 3999 574 4035 est.
582 4015 622 4024 -
632 3983 694 4048 Nee,
705 4001 775 4054 quum
863 3981 928 4045 564.
950 3981 1064 4033 inserere.
1077 3979 1145 4034 Cod.
1156 3981 1246 4033 Bemb.
1261 3983 1335 4050 Inge-

263 4061 599 4128 molesoceremetc.Sensum
607 4062 773 4117 horumver-
818 4081 883 4129 rere,
905 4059 1074 4116 laudantibus
1090 4060 1189 4131 Guyet.
1209 4060 1255 4112 Fa.
1276 4061 1327 4128 Bip
