2926 4858
266 411 314 458 xc
622 388 691 456 DE
717 389 977 464 THEATRO.

268 511 379 580 riones
393 522 426 579 et
441 507 637 598 histrionem
651 509 687 580 in
697 505 872 582 Comoedia
888 513 990 586 etiam
1005 530 1149 609 quatuor
1162 531 1194 586 et
1203 516 1337 612 viginti.

266 623 337 713 Qui
351 619 450 692 simul
463 621 572 692 coacti
585 622 620 692 in
636 620 787 718 quolibet
799 623 921 694 borum
936 649 1073 720 genere,
1082 629 1251 724 unamque
1266 655 1339 700 rem

266 747 423 828 agentes,
445 747 484 801 ut
501 733 572 827 jam
595 731 722 803 dietum
745 748 815 820 est,
838 735 972 806 Chorus
992 739 1219 828 vocabantur3
1242 739 1340 811 divisi

265 843 302 914 iu
323 843 405 914 duas
423 857 555 938 partes,
573 843 802 914 Semichoria:
822 845 881 916 ubi
903 860 1015 917 autem
1038 862 1150 944 gestus
1170 863 1204 918 et
1220 863 1341 920 cantus

264 953 476 1026 absolverant
495 980 590 1042 suos,
608 968 680 1024 tum
700 957 736 1025 in
757 971 868 1052 partes
890 955 1002 1052 plnres
1021 957 1275 1049 dividebantur;
1300 975 1342 1031 ut

265 1064 322 1136 alii
342 1081 453 1136 essent
469 1065 528 1161 qui
547 1090 660 1155 senes,
677 1065 733 1136 alii
747 1066 809 1161 qui
822 1081 1005 1156 amatores,
1023 1067 1252 1157 mulierculas,
1269 1094 1340 1138 ser·

264 1202 325 1248 vos
342 1176 519 1264 luderent,
534 1177 752 1273 personisque
768 1203 807 1248 aa
823 1179 964 1250 vestium
980 1179 1141 1250 varietate
1158 1179 1339 1250 indueren-

266 1303 343 1376 tur,
367 1286 653 1384 quemadmodum
675 1313 731 1362 res
754 1288 956 1378 exhibebat,
974 1315 1018 1360 aa
1032 1291 1136 1362 moris
1155 1305 1228 1362 erat
1247 1289 1343 1388 apud

265 1422 331 1469 eos.

313 1615 548 1686 AMICTUS
580 1617 644 1684 ET
668 1616 919 1686 PERSONAE
950 1617 1291 1690 HISTRIONUM

622 1725 988 1798 SCENICORUM.

316 1925 489 1998 Personati
507 1926 689 1997 histriones
705 1925 851 2022 agebant
868 1925 1094 2015 Comoediam,
1113 1951 1224 2024 neque
1240 1953 1345 2024 agno

266 2040 457 2112 scebantur.
475 2038 542 2109 Sed
564 2039 611 2110 ita
630 2039 823 2134 compositae
838 2064 878 2111 ac
896 2039 1050 2110 conflatae
1065 2053 1161 2110 erant
1175 2065 1344 2134 personae,

266 2167 306 2222 ut
323 2148 488 2220 referrent
504 2148 539 2217 id
557 2148 668 2243 ipsum
686 2147 779 2243 quod
797 2173 818 2218 a
834 2148 939 2218 mirno
957 2149 1143 2245 agebatur3
1162 2148 1345 2244 liceretque

266 2263 329 2334 sub
347 2262 428 2357 ipsis
441 2284 558 2330 vocem
574 2259 646 2352 ejus
666 2259 783 2328 audire
796 2257 946 2330 liberam.
962 2261 1069 2347 Nam,
1083 2259 1174 2354 quod
1186 2258 1344 2329 nonnulli

267 2371 590 2460 dicuut,histriones
602 2383 734 2439 tantum
749 2369 897 2464 gestibus
913 2369 1122 2440 Comoediam
1136 2370 1259 2465 egisse,
1272 2395 1343 2439 non

267 2485 370 2555 etiam
387 2483 463 2552 viva
477 2480 685 2576 prolatione,
700 2480 736 2549 id
754 2480 866 2551 minus
878 2480 961 2550 mihi
977 2479 1189 2576 probandum
1206 2505 1277 2551 esse
1295 2481 1346 2550 vi·

268 2592 623 2666 detunVestiebautur
636 2615 772 2686 quoque
784 2591 967 2662 histriones
985 2617 1047 2687 pro
1066 2593 1195 2664 ratione
1212 2617 1347 2680 eorum,

267 2730 353 2803 quos
375 2703 584 2790 referebant,
601 2702 666 2772 hoe
690 2717 757 2791 est,
775 2700 828 2771 vel
849 2691 1112 2793 servorum,'vel
1132 2727 1268 2786 senum,
1289 2701 1346 2772 vel

268 2816 405 2888 alterius
418 2839 569 2912 personae
583 2813 722 2883 diversis
736 2813 857 2884 modis.
874 2814 1018 2905 Senibus
1030 2813 1168 2884 comicis
1179 2811 1347 2882 candidus

267 2925 419 2998 Vestitus
438 2924 603 3010 dabatur,
623 2922 682 3018 qui
699 2922 800 2993 etiam
825 2925 1078 3020 antiquissimus
1096 2923 1196 2994 fuisse
1213 2948 1347 2994 memo·

268 3049 373 3105 ratur.
391 3032 628 3106 Adulescentes
655 3033 814 3108 discolori
836 3049 927 3106 veste
953 3034 1230 3130 contegebantur.
1248 3034 1347 3106 Servi

267 3145 388 3216 comici
414 3144 541 3216 amictu
558 3145 786 3218 vestiebantur
806 3145 951 3242 exiguo,
972 3145 1178 3241 paupertatis
1196 3147 1347 3239 antiquae

268 3257 395 3354 gratia,
411 3252 464 3324 vel
484 3278 553 3349 quo
566 3255 752 3351 expeditius
772 3270 923 3352 agerent.
945 3255 1086 3328 Parasiti
1110 3279 1189 3348 eum
1210 3253 1347 3324 intortis

266 3366 378 3465 palliis
397 3364 590 3461 prodibant.
613 3364 740 3436 Milites
762 3364 937 3462 chlamyde
953 3389 1124 3462 purpurea
1147 3364 1343 3436 utebantur.
1367 3381 1372 3394 ·

269 3479 393 3552 Puellae
410 3477 546 3548 habitus
566 3490 639 3546 erat
660 3479 867 3573 peregrinus.
885 3481 979 3548 Leno
1000 3475 1104 3573 pallio
1121 3475 1205 3546 varii
1223 3472 1347 3546 'eoloris

268 3590 483 3662 vestiebatur.
498 3587 734 3659 Meretricibus
755 3587 923 3659 dabantur
941 3591 1113 3684 Syrmata,
1131 3586 1198 3657 hoe
1210 3600 1260 3658 est
1267 3627 1282 3674 ,·
1290 3611 1347 3655 ve-

269 3715 337 3772 stes
357 3723 526 3794 expansae,
544 3715 579 3770 et
599 3723 673 3794 que
690 3697 825 3794 longius
843 3699 1193 3770 trahebanturzeraut
1209 3721 1348 3794 quoque

269 3809 468 3906 plerumque
489 3808 571 3880 lutei
592 3807 714 3880 eoloris
728 3863 741 3896 ,
757 3810 802 3879 ob
830 3809 1014 3880 avaritiam.
1045 3811 1199 3905 Syrmata
1221 3809 1348 3892 etiarn,

268 3948 328 3994 seu
350 3919 444 4018 pulla
464 3921 640 4017 gestabant
660 3919 811 3992 luctuosa
835 3919 1064 4009 funeralibus,
1082 3943 1157 4016 quae
1179 3920 1345 3990 incuriam

160 4019 162 4028 ¹
269 4034 320 4104 sui
334 4059 396 4131 per
410 4030 647 4130 negligentiam
663 4031 907 4129 significabant.
923 4031 1009 4123 Sed,
1024 4029 1200 4129 siquando
1214 4031 1347 4100 varian-
