2926 4858
248 396 402 443 nxxxvrrr
600 376 669 444 DE
695 377 956 446 THEATRO.

247 521 420 592 personas,
438 495 504 565 hoc
519 509 586 582 est,
599 495 758 566 confictas
775 496 943 565 variarum
962 519 1181 591 personarum
1200 499 1321 573 facies:

245 604 298 676 vel
314 604 453 676 reticulo
467 605 570 676 denso
582 605 683 675 facies
695 605 915 695 obvelabant,
928 631 973 676 ne
983 626 1256 702 agnoscerentur.
1266 617 1321 682 lta

245 717 346 786 etiam
360 717 504 786 instituti
522 731 618 786 erant
636 716 828 811 hujusmodi
851 717 1047 804 histriones,
1065 735 1123 789 aut
1141 722 1258 809 mimi,
1281 739 1322 792 nt

247 842 281 897 et
294 829 445 923 corporis
459 842 570 898 motus
586 827 740 898 decentes
755 827 918 898 facerent:
929 816 1078 924 denique¹
1085 832 1184 900 etiam
1200 849 1321 906 cantus

246 961 286 1007 ae
300 939 503 1033 prolationes
520 937 704 1008 secundum
721 937 840 1008 modos
856 937 966 1007 edocti
984 954 1095 1025 erant,
1105 965 1179 1034 quaa
1193 943 1320 1012 mirum

246 1049 281 1118 in
300 1049 436 1120 modum
453 1047 616 1145 populum
634 1047 837 1119 afficiebant.
860 1049 904 1118 Hi
926 1047 1025 1117 simul
1045 1050 1153 1118 eoacti
1173 1050 1211 1118 in.
1229 1073 1317 1145 quo·

246 1185 311 1254 que
340 1185 480 1256 genere,
505 1174 564 1229 aut
588 1173 779 1247 cantantes,
799 1173 858 1228 aut
882 1158 1039 1230 saltantes
1060 1159 1319 1255 appellabantur

244 1271 401 1342 Chorus:
417 1271 512 1340 divisi
532 1271 566 1338 in
585 1269 667 1339 duas
682 1285 808 1366 partes,
826 1269 1034 1340 semichoria.
1051 1273 1093 1340 In
1107 1271 1239 1340 actione
1261 1297 1321 1344 au

245 1396 312 1451 tem
329 1380 528 1469 Comoediae,
542 1406 658 1451 eorum
677 1380 781 1475 aliqui
799 1380 924 1476 primas
939 1395 1066 1476 partes,
1082 1378 1139 1449 alii
1155 1379 1320 1450 secundas

246 1507 361 1565 tenere
378 1491 595 1578 dicebantur,
616 1517 679 1586 pro
695 1491 797 1561 variis
814 1505 952 1565 actuum
971 1491 1181 1560 rationibus:
1199 1515 1318 1562 eorum

244 1601 336 1670 enim
354 1599 410 1670 alii
429 1599 607 1697 prologum
625 1600 799 1688 dicebant,
821 1601 879 1670 alii
900 1603 935 1670 in
954 1602 1109 1690 nuntios,
1123 1598 1318 1696 explorato·

245 1737 314 1799 res,
338 1711 512 1799 custodes,
540 1736 670 1799 servos,
693 1711 834 1798 heroas,
855 1715 970 1800 Deos,
992 1737 1105 1800 senes,
1131 1726 1320 1800 amatores,

244 1822 434 1892 meretrices
455 1820 708 1907 dividebantur,
726 1845 951 1918 personasque
967 1823 1002 1892 in
1018 1822 1200 1894 Orchestra
1222 1847 1319 1893 assu·

245 1930 400 2020 mebant,
420 1955 482 2034 pro
500 1955 561 2000 sua
577 1927 710 2000 actione
727 1954 767 2000 ac
788 1929 879 2000 ludo.

293 2164 558 2234 APPARATUS
578 2163 735 2236 SCENAE
752 2163 800 2235 ΙΝ
814 2164 934 2233 VICIS
954 2165 1011 2233 ET
1032 2167 1264 2236 THEATRIS.

294 2368 529 2463 Apparatum
538 2391 634 2436 scena
643 2365 735 2460 apud
745 2367 901 2462 antiquos
911 2357 1046 2438 Graecos
1056 2369 1092 2436 in
1103 2370 1202 2464 agris,
1213 2395 1319 2466 verno

240 2495 415 2573 tempore,
436 2503 514 2548 cum
534 2475 686 2546 aedificiis.
700 2491 734 2545 et
753 2477 1016 2548 habitationibus
1037 2477 1243 2574 triplicibus,
1263 2483 1318 2550 in-

244 2591 380 2661 structis
397 2587 618 2672 culminibus,
635 2586 919 2680 peripetasmatis,
936 2589 1119 2682 tapetibus,
1140 2588 1320 2684 linteisque

243 2699 405 2771 candidis.
424 2697 555 2770 Additae
576 2712 691 2791 postea
709 2712 864 2767 sonantes
882 2697 1012 2794 pelves,
1030 2701 1188 2794 ignesque
1206 2702 1317 2774 mani:-

244 2814 309 2882 bus
330 2805 481 2882 excussi:
497 2833 646 2878 cavernae
666 2833 800 2902 quoque
822 2809 1045 2880 subterraneae
1065 2835 1104 2880 ae
1123 2812 1215 2905 putei
1235 2838 1316 2882 con-

242 2923 473 3018 fingebantur;
485 2920 602 3014 figuris
617 2921 733 3008 maris,
743 2922 892 3008 Tartari,
906 2918 1103 3004 fulminum,
1117 2923 1318 3012 tonitruum,

242 3035 373 3121 noctis,
388 3032 478 3118 caeli,
491 3030 577 3110 diei,
591 3031 774 3125 regiarum,
788 3030 1021 3124 praetoriorum
1032 3085 1042 3118 ,
1054 3032 1204 3126 ingentes
1217 3031 1316 3119 aulae,

241 3147 384 3216 fornices
400 3141 443 3212 ad
464 3143 592 3210 viarum
611 3137 873 3214 similitudinem.
894 3140 995 3234 Apud
1013 3144 1183 3211 Romanos
1198 3139 1316 3212 Aulaea

241 3259 276 3327 in
298 3279 396 3326 scena
413 3253 561 3348 primum
582 3250 832 3334 sternebantur,
848 3251 1115 3345 quamprimum
1133 3252 1243 3346 pictus
1258 3250 1317 3321 ille

239 3382 377 3437 onaatus
390 3390 431 3435 ex
445 3361 590 3434 Attalica
603 3361 695 3456 regia
708 3363 851 3432 Romam
868 3358 1015 3453 perlatus
1029 3360 1112 3449 fuit,
1127 3359 1318 3430 velabatur-

242 3501 307 3569 que
330 3477 403 3571 ipsa
426 3498 525 3544 scena
543 3470 702 3565 Sipariis,
728 3494 801 3564 qnae
822 3469 987 3564 posterior
1011 3486 1090 3540 astas
1112 3495 1174 3565 pro
1200 3469 1315 3548 aulaeis

240 3587 401 3678 sumpsit,
423 3597 462 3652 ut
485 3582 587 3652 etiam
607 3581 730 3674 siparia
753 3579 846 3652 humi
866 3594 1035 3654 sterneret.
1052 3585 1137 3652 Erat
1153 3595 1315 3676 praeterea

239 3691 351 3764 velum
375 3692 546 3762 minutum
565 3689 661 3787 quod
678 3688 805 3784 populo
825 3690 1006 3762 obsistebat
1028 3692 1064 3760 in
1090 3715 1208 3780 seena,
1230 3690 1314 3760 dum

239 3819 333 3874 actus
352 3802 658 3872 commutabantur.
675 3805 715 3870 ln
735 3800 817 3868 vicis
839 3802 866 3870 si
886 3800 988 3870 fiebat
1005 3827 1119 3889 scena,
1134 3801 1313 3870 arboribus

238 3917 274 3986 in
292 3940 326 3982 se
343 3910 544 3984 cubantibus
561 3936 600 3982 ac
620 3911 750 3981 reflexis
771 3912 1056 4006 componebatur;
1074 3912 1169 4008 quasi
1188 3937 1311 3982 conca-

237 4039 364 4118 merata
381 4021 721 4117 quoedamdensatiO,
739 4034 776 4091 ut
794 4020 1033 4116 subterpositos
1049 4035 1162 4116 tegere
1180 4037 1312 4118 posset„
