2986 4858
328 371 635 443 annuentis.
664 369 772 439 scr.
801 371 846 456 v,
874 370 942 439 sc.
971 369 1037 440 1x.
1151 375 1224 472 287

151 508 330 589 Inventor,
356 506 523 598 inceptor,
549 501 724 597 perfector.
754 501 842 571 Scin’
866 525 939 588 me,
954 505 990 570 in
1013 504 1132 598 quibus
1160 509 1223 577 sim

313 609 461 706 gaudiis?

154 719 223 787 Scis
248 716 455 813 Pamphilam
483 739 589 784 meam
611 715 779 783 inventam
807 714 936 784 civem?
956 717 1071 786 Pnnm.
1094 719 1226 790 Audivi.

314 826 436 893 Cama.
454 824 525 892 Scis
546 845 701 916 sponsam
721 819 823 889 mihi?
1178 857 1229 896 ...³⁵

155 932 273 1000 Pnnn.
290 933 397 1016 Rene,
416 931 461 999 ita
475 953 530 998 me
544 927 590 997 Di
606 941 734 1014 ament,
748 927 881 996 factum.
900 930 1042 998 Gus'rn.
1060 929 1179 1000 Audin’
1192 948 1230 1002 tu

309 1034 424 1105 illum?
435 1035 526 1125 Quid
544 1032 611 1103 ait?
626 1036 749 1104 Cnmn.
764 1036 848 1102 Tum
866 1048 976 1102 autern
992 1029 1150 1106 Pliaedriae

158 1145 237 1212 Meo
250 1143 344 1212 fratri
358 1142 487 1238 gaudeo
502 1165 573 1212 esse
593 1164 740 1210 amorem
760 1163 893 1208 ornnem
912 1143 947 1209 in
963 1143 1232 1238 tranquillo:una

317 1249 358 1319 ’st
373 1250 501 1320 domus.

157 1357 257 1426 Thais
277 1358 363 1451 patri
384 1379 419 1426 se
439 1353 685 1426 commendavit
701 1355 735 1420 in
757 1351 942 1423 clientelam
961 1367 995 1423 et
1015 1353 1132 1446 fidem;

203 1566 286 1630 1034.
296 1564 374 1620 Sein'.
386 1564 440 1618 Atii
448 1567 532 1618 scisne.
541 1592 581 1605 —
589 1563 674 1615 Inven-
717 1561 807 1616 amicas
814 1561 979 1616 mobilitaset
991 1567 1148 1620 instabilitas
1156 1585 1232 1623 com·-

97 1631 103 1640 ’
161 1659 209 1711 tor,
226 1647 273 1717 qui
290 1646 365 1718 prior
377 1642 413 1698 de
426 1657 480 1697 tota
494 1662 523 1696 re
541 1641 674 1713 excogita·
719 1655 836 1713 paratur.
849 1643 894 1696 Sic
905 1644 999 1698 Horat.
1012 1645 1099 1699 Carm.
1112 1648 1140 1709 1,
1154 1667 1181 1716 r,
1196 1651 1230 1704 5:

159 1726 396 1796 visti-Inceptor,
408 1725 522 1796 quirem
533 1741 675 1794 exsequen-
722 1721 869 1794 «Simplex
893 1722 1035 1778 munditiis
1054 1727 1107 1780 beu
1128 1730 1231 1800 quoties

161 1803 222 1858 dam
237 1823 371 1876 aggressus
384 1803 613 1871 es.-Perseetor‚
627 1801 674 1873 qui
718 1799 801 1856 fidem
828 1802 997 1873 Mutatosque
1033 1806 1103 1859 Deos
1131 1807 1230 1864 flebit:

160 1881 675 1938 samsdteticemexirumadduxtsti.-
719 1893 746 1934 et
771 1899 861 1952 aspera
893 1881 983 1951 Nigris
1011 1901 1117 1955 aquom
1148 1891 1233 1944 venti,

161 1964 230 2018 Scin'
245 1985 292 2030 me,
309 1977 360 2018 etc.
370 1964 462 2019 Graeca
473 1962 581 2015 locutio.
720 1961 884 2013 Emirabitur
892 1959 1006 2014 insolens
1014 2003 1022 2028 ,
1031 1964 1087 2028 Qui
1097 1979 1122 2018 te
1134 1965 1232 2024 fruitur

205 2043 291 2098 1035.
306 2044 360 2096 Scis
371 2043 531 2113 Pamphilam.
547 2041 591 2093 Br.
608 2039 674 2092 Scin.
720 2039 846 2093 credulus
857 2057 945 2094 aurea.
958 2066 968 2087 ι
979 2043 1085 2096 -Una
1100 2046 1230 2115 ’.ἰάσω

162 2123 267 2194 Pampls.
285 2125 465 2176 -Inventam
490 2127 571 2173 civem.
596 2119 675 2172 Both.
720 2138 757 2174 sc.
780 2119 862 2190 patris
881 2132 908 2172 et
925 2119 1050 2188 Thaidis,
1071 2137 1134 2195 post
1153 2127 1232 2182 Pam.

162 2207 234 2258 ciuem
258 2209 384 2256 inventam.
397 2202 571 2253 -Inuentam
593 2204 676 2253 civem.
721 2200 802 2271 philse
815 2200 932 2272 nuptias.

163 2284 287 2354 Agnltam
300 2281 378 2336 fuisse
388 2300 439 2353 pro
451 2279 675 2344 cive-Audivi,
766 2280 849 2335 1038.
860 2279 891 2332 In
901 2280 1037 2333 clientelam
1048 2282 1160 2353 etfidem.
1170 2287 1230 2343 Par.

163 2361 397 2428 aPhredria,vid.
414 2358 677 2432 supra-Sponsam.
720 2359 750 2412 in
773 2377 857 2430 marg.
881 2362 927 2421 t‘u,·
949 2359 983 2412 ita
1007 2374 1038 2415 ut
1049 2363 1182 2434 „exhibeat
1200 2370 1232 2422 In

162 2444 194 2496 In
206 2443 407 2496 matrimonium
415 2440 582 2512 promissam.
592 2439 678 2493 Parti·
721 2441 802 2492 client.
815 2453 840 2491 et
849 2443 874 2491 in
878 2437 963 2508 fidem.
971 2440 1066 2495 Totam
1078 2457 1165 2498 sutem
1176 2467 1234 2502 sen-

162 2523 281 2596 cipium,
297 2540 351 2574 non
366 2539 465 2574 nomen
481 2531 526 2573 est
721 2520 830 2572 tentiam
865 2518 903 2572 sic
931 2521 989 2573 vult
1016 2520 1231 2594 distinguendam

207 2602 289 2658 1036.
311 2602 391 2665 Bene,
414 2605 449 2652 ita
469 2619 506 2652 me
526 2601 563 2652 Di
580 2611 676 2663 ament,
722 2599 873 2652 Bentleius:
888 2599 1074 2672 Thaissepatri
1086 2609 1233 2660 commenda-

157 2683 263 2750 sactum.
287 2681 378 2735 Guelf.
410 2681 447 2747 3,
472 2679 595 2732 anabaust.
626 2677 676 2732 Ed.
723 2683 777 2732 nit:
790 2679 1152 2751 inclientelcmetfidemnobis
1163 2688 1232 2740 dedit

162 2763 269 2830 Prima,
292 2774 392 2826 ament,
419 2760 477 2812 bene
493 2761 599 2828 finctum.
626 2759 677 2812 llls.
722 2779 755 2813 se.
789 2760 857 2824 Quas
884 2757 1019 2815 distinctio
1048 2775 1086 2816 est
1113 2764 1143 2817 in
1171 2767 1232 2841 Bip.

163 2841 290 2895 Grinnes
299 2842 343 2895 Br.
356 2843 402 2894 Ds'i
412 2840 470 2893 bens
480 2850 569 2904 ament,
572 2839 676 2905 sracmm.
722 2838 801 2892 Both.
825 2850 852 2892 et
871 2839 954 2892 sicin
971 2841 1068 2913 Delph.
1091 2876 1131 2886 —
1153 2845 1230 2902 Thai,

164 2922 310 2974 -Audr'n'
328 2933 353 2973 tu
370 2913 613 2991 illumP‘Quidat't?
626 2920 677 2973 Me.
718 2923 842 2990 patriae,
860 2931 910 2972 etc.
931 2917 965 2972 ld
989 2923 1132 2993 προστάτην
1152 2929 1231 2998 tipus

164 3001 253 3054 Grrer.
265 2998 338 3052 Edit.
349 3001 429 3053 Tam.
449 3003 520 3053 Dou.
540 2999 637 3052 Audtn'
652 3011 678 3051 tn
722 2999 816 3054 Atticis
828 2997 938 3055 dictum.
951 3000 1006 3065 Qui
1018 3019 1082 3055 tero
1094 3005 1165 3060 cives
1177 3026 1232 3062 non

166 3081 204 3132 tte
218 3080 278 3154 quid
288 3074 346 3130 ait?
359 3078 440 3144 Quod
454 3081 571 3155 probant
583 3077 677 3134 Faern.
722 3092 822 3145 esseut,
847 3078 893 3133 sed
921 3080 1063 3153 inquilini,
1080 3098 1232 3153 'patronum

165 3173 191 3212 et
209 3159 295 3213 Bentl.
312 3157 357 3212 Sic
373 3159 453 3211 etiam
469 3159 574 3220 Guelf.,
595 3177 627 3223 ι,
646 3179 677 3224 a,
722 3173 809 3212 autem
822 3177 877 3212 non
890 3161 1075 3227 haberent,eo
1085 3167 1194 3219 nomine
1205 3171 1233 3222 in

166 3241 259 3306 3;Br.
274 3240 332 3292 Bot.
347 3237 678 3310 Rip-GuarmAndin'
720 3241 763 3311 jus
788 3241 967 3306 vocabantur,
991 3239 1073 3313 idque
1098 3243 1234 3315 judicium

167 3332 193 3371 tn
215 3321 290 3373 Illum.
315 3318 378 3371 llaec
399 3318 527 3390 parasitus
545 3319 675 3371 submisse
723 3319 877 3373 ἀποστάσίου
898 3317 956 3376 dian
976 3322 1146 3393 appellatum.
1161 3327 1232 3382 Tur-

165 3400 307 3453 Tbsasoni.
320 3428 361 3439 —
378 3399 440 3450 Tum
453 3409 541 3450 autem.
556 3397 677 3451 «Proue-
721 3400 783 3452 neb.
809 3397 919 3452 Advera.
944 3399 1016 3466 XII,
1035 3418 1076 3454 ιο.
1110 3404 1176 3459 Perl.
1194 3439 1235 3456 .-

164 3497 220 3534 rea.
230 3505 241 3527 s
261 3478 351 3550 Pergit
369 3477 495 3542 Chaerea,
514 3495 568 3528 non
586 3475 678 3531 audito
722 3479 753 3531 In
772 3478 905 3530 clientelam
921 3493 946 3530 et
958 3479 1007 3549 fid.
1029 3480 1127 3536 Itidem
1143 3471 1234 3542 Ilirius

165 3558 318 3613 Gnathone.
722 3559 874 3623 XXXVII,
885 3559 930 3622 54.
942 3559 1047 3613 Scilicet
1064 3579 1096 3614 ex
1107 3570 1167 3629 jure
1183 3587 1231 3640 ap·

211 3640 296 3709 1037.
314 3640 427 3692 Amorem
440 3655 548 3700 omnem,
564 3649 613 3689 etc.
636 3635 679 3690 Sic
722 3638 874 3709 plicationis
882 3639 976 3710 sequis
986 3643 1011 3690 t'n
1019 3641 1152 3697 clientelam
1161 3651 1236 3719 cujus

167 3719 198 3772 Β.
220 3719 280 3790 Bip.
300 3719 370 3772 Perl.
390 3720 491 3772 Omnem
513 3735 616 3768 amorem
632 3737 680 3770 esse
723 3717 936 3772 commendabat.
957 3719 1074 3771 clientela
1093 3736 1132 3777 eat
1148 3740 1236 3782 autem

167 3797 247 3852 Both.
266 3831 307 3842 --
325 3800 389 3851 Esse
411 3815 627 3850 amnemamnem
655 3801 681 3848 in
723 3796 842 3851 defensio
865 3811 891 3850 et
907 3799 1104 3871 patrocinium,
1119 3807 1194 3874 quib.
1211 3823 1237 3864 et

166 3879 307 3951 tranquillo.
331 3878 415 3944 Quasi
439 3905 450 3926 ι
468 3897 523 3932 esse
548 3896 581 3929 ex
605 3877 680 3930 omni
724 3877 827 3932 Iemiriae
841 3876 1007 3950 gaudebant,
1021 3891 1066 3933 aut
1079 3882 1101 3934 si
1116 3887 1175 3955 quis
1188 3907 1235 3960 pe.

167 3958 285 4032 partein
302 3970 412 4030 tranq.·
431 3989 472 4000 -
487 3961 557 4012 Bene
572 3962 597 4008 in
612 3969 679 4009 tran·
722 3959 863 4028 regrinus,
877 3977 905 4012 se
923 3958 951 4011 in
972 3959 1037 4012 civis
1057 3963 1167 4036 alicujus
1182 3969 1237 4022 Ilo·

168 4039 257 4112 quilla,
273 4039 337 4112 quia
353 4039 419 4091 mari
440 4051 466 4093 et
482 4038 681 4110 tempestatibus
723 4039 815 4104 mani,
829 4039 903 4110 quasi
918 4039 1038 4110 patroni,
1056 4043 1190 4100 clientelam
1207 4069 1237 4104 ae
