3014 4872
270 433 314 480 xr.
456 409 521 480 DE
541 409 801 482 TRAGOEDIA
819 411 876 479 ET
892 411 1142 480 COMOEDIA.

271 555 451 612 messatum
475 541 523 610 ire
544 555 743 612 cantantes:
765 541 897 638 quoda
921 543 1027 638 poetis
1049 541 1189 612 solemni
1209 543 1265 614 die
1284 545 1341 615 rel

272 649 431 718 amatorie
449 647 694 718 lascivientibus
710 649 824 720 choris
841 651 976 719 comicis
994 673 1062 719 non
1078 649 1259 720 absurdum
1276 668 1340 722 est

270 757 405 850 ltaque,
427 769 465 824 ut
490 779 625 842 rerum,
647 757 694 824 ita
716 757 816 826 etiam
839 770 1028 851 temporum
1050 757 1199 852 ipsorum
1227 773 1341 854 coepto

271 860 387 930 ordine
400 861 574 957 Tragoedia
591 863 700 956 primo
717 861 847 956 prolata
861 887 933 933 esse
947 865 1170 958 cognoscitur.
1185 867 1288 952 Nam,
1300 881 1342 934 ut

270 967 313 1036 ab
336 967 467 1038 incultis
486 981 519 1038 et
541 968 618 1038 feris
640 969 789 1038 moribus
811 969 969 1066 paulatim
995 985 1192 1064 perventum
1215 985 1265 1042 est
1294 973 1339 1040 ad

270 1074 577 1161 mansuetudinem,
604 1074 767 1170 urbesque
797 1090 875 1146 sunt
898 1075 1055 1164 condita,
1077 1091 1111 1146 et
1131 1077 1200 1145 vita
1225 1079 1341 1146 mitior

270 1197 369 1277 atque
379 1183 517 1252 otiosior
531 1183 710 1276 prooessit:
723 1184 769 1252 ita
783 1208 836 1252 res
846 1185 978 1277 tragicae
992 1182 1090 1278 longe
1103 1198 1180 1252 ante
1192 1186 1339 1256 comicas

268 1289 421 1358 inventae.
440 1289 602 1378 Quamvis
630 1303 741 1360 autem
764 1303 854 1361 retro
874 1292 984 1386 prisca
1008 1289 1218 1360 volventibus
1239 1316 1339 1386 repe-

268 1396 374 1466 riatur
386 1395 526 1489 Thespis
545 1395 728 1490 Tragoedias
753 1399 880 1491 primus
900 1397 1075 1467 inventor:
1098 1411 1132 1467 et
1157 1397 1339 1467 Comoediae
1363 1485 1366 1490 Ι

269 1502 390 1570 veteris
417 1514 511 1596 pater
531 1500 668 1596 Eupolis
689 1528 767 1573 cum
787 1505 926 1574 Cratino
950 1502 1239 1598 Aristophanequc
1265 1529 1338 1574 esse

269 1607 424 1677 dicatur:
445 1611 610 1678 Homerus
626 1619 753 1698 minen,
770 1613 826 1706 qui
845 1611 914 1679 fere
932 1612 1040 1679 omnis
1063 1612 1202 1706 poeticae
1219 1609 1338 1705 largis·

271 1715 373 1782 simus
388 1713 463 1784 fons
480 1730 552 1800 est,
566 1716 664 1784 etiam
680 1716 730 1785 his
748 1707 950 1787 carminibus
961 1714 1110 1812 exempla
1127 1717 1286 1812 praebuit,
1303 1733 1338 1787 et

270 1817 363 1889 velut
379 1821 521 1914 quadam
539 1846 675 1892 suorum
697 1848 836 1918 operum
856 1823 928 1919 lege
949 1826 1173 1918 praescripsit:
1187 1826 1245 1918 qui
1260 1824 1337 1892 llia·

272 1924 349 1995 dem
371 1929 473 1997 instar
490 1929 689 2022 Tragoediae,
705 1930 888 2025 Odyssearn
903 1931 945 1999 ad
963 1931 1139 2026 imaginem
1157 1930 1337 2000 comaediae

273 2031 389 2104 secisse
403 2049 619 2104 monstratur.
640 2035 727 2105 Nam
748 2052 824 2131 post
841 2036 927 2108 illius
939 2036 1003 2107 tale
1019 2051 1214 2132 tantumque
1231 2037 1336 2132 docu-

272 2155 421 2210 mentum
439 2141 482 2210 ab
503 2143 771 2237 ingeniosissimis
787 2145 1006 2214 imitatoribus
1021 2158 1055 2213 et
1068 2143 1195 2240 digesta
1211 2157 1288 2212 sunt
1301 2145 1336 2210 in

273 2245 442 2336 ordinem,
457 2263 490 2318 et
505 2249 609 2318 divisa
623 2273 680 2336 ea,
691 2275 765 2346 quae
775 2252 873 2320 etiam
883 2265 955 2320 tum
969 2265 1093 2320 temere
1108 2250 1337 2320 scribebantur

271 2351 381 2423 adhuc
398 2354 564 2450 impolita,
582 2371 681 2450 atque
700 2358 735 2424 in
756 2358 835 2452 ipsis
850 2355 1044 2428 rudimentis
1063 2357 1337 2451 haudquaquam,

273 2473 311 2528 ut
332 2475 446 2556 postea
464 2462 551 2530 facta
571 2475 663 2547 sunt,
679 2461 800 2532 decora
815 2477 914 2558 atque
928 2462 1030 2534 laevia.
1050 2467 1095 2533 At
1114 2489 1174 2533 nos
1191 2487 1247 2552 ea,
1263 2487 1336 2557 quae

271 2569 405 2661 proprie
422 2569 464 2637 de
477 2568 652 2662 Tragoedia
672 2568 812 2639 dicenda
826 2585 921 2657 sunt,
936 2569 1031 2640 titulo
1047 2571 1208 2664 propositi
1227 2571 1336 2664 operis

273 2673 447 2762 instantes,
467 2675 502 2742 in
518 2673 583 2743 alia
604 2689 756 2770 tempora
776 2675 993 2756 dilleramus,
1014 2691 1047 2746 et
1068 2675 1110 2744 de
1132 2676 1184 2745 his
1205 2674 1335 2746 Fabulis

270 2779 339 2873 jam
354 2779 541 2875 loquamur,
555 2805 636 2876 quas
650 2783 825 2852 Terentius
842 2785 988 2852 imitatus
1006 2798 1065 2852 est.
1083 2785 1260 2878 Postquam
1279 2783 1334 2851 de-

274 2886 497 2958 monstranda
509 2889 645 2982 originis
659 2912 758 2958 causa
776 2889 817 2960 de
831 2892 1001 2984 utriusque
1014 2891 1144 2985 generis
1157 2891 1251 2960 initio
1259 2890 1336 2959 dixi·

272 3017 361 3079 mus;
376 2995 465 3089 quod
482 3018 616 3064 necesse
629 3010 697 3084 est,
708 2995 777 3089 jam
791 2995 949 3066 dicemus.

325 3101 496 3176 Comoedia
515 3101 583 3172 fere
607 3116 719 3190 vetuS,
735 3117 772 3175 ut
792 3106 863 3198 ipsa
889 3129 1021 3198 quoque
1044 3103 1121 3173 olim
1139 3103 1331 3198 Tragoedia,

273 3204 411 3301 simplex
429 3231 563 3278 carmen
578 3196 957 3304 (quemadmodumjam
971 3205 1133 3300 bunius)
1150 3210 1229 3280 luit:
1246 3209 1334 3304 quod

271 3313 395 3384 chorus
412 3315 500 3384 circa
514 3339 587 3384 aras
608 3305 772 3386 fumantes
793 3342 882 3385 nunc
907 3318 1084 3411 spatiatus,
1102 3342 1191 3387 nunc
1216 3320 1334 3386 consis

269 3433 360 3508 tens,
378 3445 467 3494 nunc
486 3421 659 3492 revolvens
676 3448 883 3517 gyros,cum
898 3423 1030 3504 tibicine
1045 3423 1251 3494 concinebat.
1271 3422 1333 3492 Sed

272 3528 379 3620 primo
399 3552 465 3596 unn
490 3553 632 3623 persona
653 3529 830 3599 substituta
856 3545 906 3600 est
927 3531 1136 3616 cantoribus,
1156 3555 1245 3624 quae,
1268 3555 1334 3598 res·

270 3633 421 3727 pondens
441 3635 574 3705 alternis
589 3636 711 3722 choro,
730 3633 944 3731 locupletavit
957 3639 1165 3730 variavitque
1180 3661 1248 3703 rern
1262 3661 1334 3704 mu-

270 3742 369 3814 sicam
385 3767 392 3809 ε
411 3757 482 3816 tum
496 3741 618 3828 altera,
634 3756 705 3812 tum
721 3744 834 3830 tertia,
848 3757 882 3812 et
895 3742 937 3832 ad
947 3757 1150 3838 postremum
1166 3756 1333 3812 crescente

270 3873 431 3936 numero,
447 3875 508 3944 per
520 3863 671 3920 auctores
686 3849 1028 3945 diversos,personae,
1043 3846 1152 3945 pallae,
1165 3847 1334 3932 cothurni,

270 3958 370 4040 socci,
378 3970 412 4024 et
427 3957 536 4025 caeteri
549 3971 684 4025 ornatus
695 3971 794 4056 atque
809 3959 948 4054 insignia
961 3959 1167 4026 scenicorum
1184 3969 1331 4049 reperta:

268 4077 302 4132 et
321 4061 363 4132 ad
378 4062 444 4132 hoc
459 4063 635 4157 unicuique
653 4088 730 4133 suus
748 4063 881 4134 habitus
896 4090 902 4132 :
920 4064 1011 4134 etad
1031 4062 1183 4133 ultimum
1199 4063 1254 4156 qui
1271 4063 1336 4154 pri-
