3014 4860
313 373 389 460 448
537 375 720 446 PUBLII
747 375 1011 446 TERENTH
1037 376 1161 444 AFRI

309 506 378 596 Qui
397 504 459 575 sibi
477 527 532 575 me
550 531 613 601 pro
628 488 813 580 deridiculo
834 533 873 579 ac
895 505 1139 601 delectamento
1161 524 1267 604 putat.

305 615 400 700 Non,
413 613 460 682 ita
473 637 527 682 me
542 613 589 682 Di
605 629 732 701 ament,
747 614 885 685 auderet
901 616 1011 685 facere
1026 614 1098 684 haec
1112 614 1221 688 viduae
1237 616 1377 707 mulieri,

304 720 391 810 Quae
408 720 443 788 in
463 745 518 790 me
536 719 625 791 fecit.
1026 783 1034 790 .
1338 755 1377 806 ,ss

537 956 767 1064 sCEN'A
797 975 1137 1064 SECUNDA.

335 1208 562 1278 CLITIPHO.
590 1205 895 1276 MENEDEMUS.
926 1207 1160 1276 CHREMES..
1184 1209 1338 1279 SYRUS.

354 1437 455 1506 Cttr.
472 1436 566 1503 Itane
585 1432 738 1519 tandem,
757 1457 887 1526 quaeso,
908 1445 975 1519 est,
989 1431 1207 1520 Menedemo,
1224 1449 1263 1502 ut
1279 1448 1373 1530 pater

299 1546 382 1613 Tam
410 1543 444 1611 in
470 1541 565 1609 brevi
597 1539 703 1636 spatio
737 1563 872 1608 omnem
907 1539 949 1608 de
982 1563 1037 1608 me
1063 1541 1199 1634 ejecerit
1225 1542 1371 1611 animum

458 1644 585 1742 putris?

299 1753 480 1847 Quodnam
504 1753 549 1821 ob
576 1751 724 1823 facinus?
743 1753 835 1841 Quid
860 1777 923 1848 ego
945 1765 1075 1821 tanturn
1100 1751 1234 1822 sceleris
1255 1753 1372 1824 admisi

455 1856 578 1929 miser?

296 1966 408 2064 Vulgo
426 1967 562 2037 faciunt.
583 1967 680 2036 Mun.
704 1967 780 2035 Scio
797 1965 858 2035 tibi
877 1965 1032 2035 essehoc
1051 1967 1186 2059 gravius
1203 1964 1308 2036 multo
1331 1991 1370 2036 ac

456 2073 589 2160 durius,

342 2281 410 2354 953.
423 2281 575 2334 Deridieulo.
589 2279 642 2332 Alii
656 2279 813 2333 ›·tdtnto.-
857 2292 882 2332 tu
896 2298 951 2334 eree
957 2279 1111 2352 Antiphila.
1117 2278 1200 2346 Quod
1206 2298 1291 2352 quum
1302 2298 1370 2352 agre

281 2363 285 2372 ’
301 2361 459 2426 Dertdtculo,
475 2381 525 2434 pro
539 2359 651 2414 ludibrio.
665 2361 699 2412 Τὸ
715 2359 745 2412 de
756 2358 813 2412 vim
857 2358 1070 2432 ferretClitiph0‚
1077 2361 1129 2413 exit
1135 2358 1370 2432 cumMenedemo,

300 2441 814 2514 rddere,jrmnotavimueeupra,8263
856 2451 959 2512 petrem
988 2440 1164 2494 allocuturus.
1185 2440 1297 2493 Interim
1325 2458 1369 2492 ex·

301 2525 349 2578 ubi
365 2524 464 2584 deamo,
480 2538 531 2593 pro
552 2520 628 2572 valde
645 2517 814 2573 arn-titt
856 2532 958 2591 spectet
972 2519 1099 2574 Chremes
1117 2518 1184 2574 dum
1203 2517 1295 2573 redeat
1312 2520 1369 2572 Me·

301 2603 396 2667 dictis,
410 2601 465 2654 abit
477 2599 661 2654 Menedemus.
855 2598 994 2653 nedemus.
1007 2600 1035 2653 Si
1047 2599 1115 2672 quid
1131 2613 1222 2654 eutem
1234 2599 1280 2652 hic
1290 2600 1368 2652 nimis

341 2682 410 2754 954.
417 2681 509 2733 Facere
516 2679 813 2752 itenDirponiturquo·
855 2697 971 2734 vacuum
982 2679 1009 2732 in
1020 2681 1105 2734 scenis
1114 2678 1286 2734 contexendis
1295 2678 1368 2732 vide·

301 2759 608 2835 que,ltoecsaeere.Both.
619 2759 812 2830 legit,Audem
855 2771 939 2826 retur,
955 2759 1031 2812 facile
1048 2760 1369 2832 purgabiturTerentiut,
1391 2792 1396 2802 ι

302 2847 345 2895 uni
355 2843 406 2893 hoee
417 2842 507 2893 vetula
516 2861 549 2894 m.
558 2873 599 2883 -
608 2841 635 2888 V
633 2840 698 2892 niue
710 2841 810 2905 mutii,
856 2858 940 2911 quum
950 2839 1106 2911 paucissima
1113 2838 1269 2900 admodum,
1278 2851 1309 2892 ut
1320 2857 1367 2890 no-

302 2935 330 2976 et
347 2921 427 2987 ideo,
441 2922 469 2973 in
485 2937 565 2990 quum
579 2919 677 2990 injurie
692 2920 812 2992 plerum·
856 2920 986 2982 terimur,
999 2919 1128 2972 Chremes
1140 2920 1222 2972 verba
1235 2917 1333 2972 dixerit
1342 2931 1368 2970 et

301 3019 354 3073 que
364 2998 602 3072 impunita.Quint.
611 2999 730 3053 Decium.
741 2998 810 3054 338:
855 2999 963 3051 interim
972 2998 1099 3052 Chremes
1108 3000 1210 3070 optime
1219 2999 1306 3068 potuit
1314 3015 1368 3050 tce·

304 3080 462 3135 «Imbecillr
482 3097 524 3132 ret
537 3089 578 3131 eet
590 3079 707 3144 semina,
724 3091 750 3132 et
771 3077 811 3130 ef·
853 3096 916 3131 nem
938 3077 1009 3132 solut
1031 3097 1180 3150 occupare,
1202 3075 1269 3131 dum
1292 3090 1367 3148 gestu

301 3163 352 3216 fert
372 3158 522 3212 infirmitati
543 3158 659 3210 naturali
678 3177 734 3211 non
753 3159 812 3210 leve
853 3158 933 3210 tacito
946 3159 1071 3229 exprimit
1088 3158 1156 3229 quid
1166 3158 1272 3223 sentim
1292 3155 1366 3229 quod

300 3235 509 3315 pondut‚qu0d
522 3235 602 3289 vidua
616 3250 664 3290 eet.
676 3263 687 3284 ι
854 3235 933 3291 decet
954 3237 1064 3291 omnino
1085 3239 1175 3292 virum
1196 3237 1366 3290 vehementer

332 3321 408 3392 Ι955.
425 3321 488 3390 Qua
497 3320 523 3370 in
536 3319 648 3384 mesecit.
661 3317 738 3370 Both.
754 3319 811 3370 milti
854 3330 1031 3370 commotum.
1041 3349 1082 3358 -
1095 3319 1166 3372 Itane
1176 3328 1212 3370 est
1228 3330 1263 3370 ut.
1276 3316 1366 3370 Potuit

299 3402 428 3476 quemfecit.
440 3429 479 3440 —
489 3397 544 3451 Un.
560 3397 612 3450 Me.
627 3415 668 3468 tp.
683 3397 748 3452 We.
762 3395 810 3450 ad·
853 3415 888 3450 ne
899 3396 957 3450 fleri
972 3411 1017 3459 ut,
1032 3411 1082 3452 etc.
1092 3465 1094 3470 Ι

299 3481 356 3548 dit,
368 3491 449 3532 tantus
462 3478 593 3532 duntona.
894 3478 962 3549 957.
974 3478 1015 3530 De
1029 3497 1073 3531 me.
1084 3479 1134 3530 Ille
1144 3490 1219 3532 notat
1227 3475 1365 3532 Westerh.

339 3562 406 3632 956.
420 3559 491 3610 Itane
506 3559 574 3610 tund.
589 3577 660 3630 quoes,
677 3569 725 3620 est,
742 3557 808 3610 Men.
851 3567 907 3610 tion
922 3557 974 3628 legi
989 3558 1018 3611 iu
1031 3559 1155 3611 omnibus
1167 3558 1230 3610 tiss.
1243 3587 1283 3597 -
1294 3559 1364 3628 Ejec.

298 3640 432 3694 Omittuut
446 3635 555 3708 quidem
570 3649 613 3690 est.
631 3638 655 3688 A
671 3631 759 3690 Guett
778 3655 808 3702 r,
852 3641 928 3692 anim.
949 3649 1017 3708 patr.
1047 3637 1173 3709 Disponit
1196 3637 1275 3690 Both.
1303 3638 1363 3690 Pat.

299 3722 371 3774 abest
393 3738 482 3792 queso.
500 3749 540 3760 -
557 3714 747 3780 Menedemus,
768 3717 809 3769 uti
852 3720 926 3770 eninr.
953 3721 1055 3788 ejecerit.
1081 3749 1115 3760 -
1137 3719 1254 3771 Animum
1270 3719 1364 3787 petris,

296 3813 401 3872 rogatus
411 3798 684 3858 rehremetetuerm
697 3793 808 3848 domum
852 3810 989 3868 paternum
1006 3798 1228 3850 benevolentium.

297 3899 371 3934 suam
392 3877 522 3940 excurrit,
542 3877 591 3929 ubi
609 3877 701 3948 prucis
720 3877 808 3928 verbis
894 3876 962 3946 959.
984 3878 1066 3948 Vulgo
1073 3880 1181 3945 sacumt.
1199 3877 1261 3930 Lib.
1281 3875 1362 3946 antiq.

298 3957 594 4030 Clitiphonirenuntiat
606 3957 694 4028 iprum
706 3969 817 4027 epatre
853 3957 937 4027 Vulgo
950 3957 1092 4026 idsaciunt.
1107 3989 1146 4000 -
1162 3957 1246 4026 Vulgo
1256 3957 1361 4022 fixerunt·

295 4029 492 4092 exheredatum.
504 4035 603 4092 Omnia
611 4038 682 4090 bona
691 4034 748 4089 doti
758 4033 805 4090 da·
851 4038 974 4108 AEqualet
996 4039 1050 4092 mei
1076 4038 1163 4092 secere
1186 4036 1272 4092 rotent
1290 4031 1363 4108 quod
