2928 4856
248 386 322 474 246
467 389 650 457 runnu
678 365 926 458 Tanaum
953 389 1077 458 anni

247 525 335 591 Tria.
357 520 490 590 Luhuit.
517 523 606 590 Tan.
631 520 835 615 Pamphilam
864 545 944 615 ergo
964 519 1031 590 huc
1057 521 1177 610 redde,
1198 523 1261 592 nisi
1287 527 1325 592 vi

403 651 508 696 mavis
526 652 616 722 eripi.
672 717 674 724 Ι
1281 663 1323 713 79⁵

247 739 334 806 Can.
353 733 427 802 Tibi
447 732 534 802 illam
557 731 688 802 reddat!
709 737 777 804 Aut
794 749 831 803 tu
848 761 919 804 eam
940 731 1075 829 tangas!
1094 737 1322 805 Omnium...

405 843 472 910 Gn.
495 836 564 908 Ah!
590 839 681 929 Quid
700 837 786 935 agis!
802 845 900 911 Tace·

243 951 331 1017 Tun.
340 945 431 1036 Quid
447 960 482 1014 tu
501 945 560 1015 tibi
575 944 645 1016 vis?
656 951 728 1041 Ego
741 973 809 1016 non
822 963 955 1042 tangam
973 943 1094 1016 meam!
1110 950 1201 1018 Can.
1212 952 1324 1020 Tuam

404 1067 535 1134 autem,
554 1051 712 1122 furcifer?

248 1163 315 1230 Gn.
342 1161 432 1228 Cave
456 1161 527 1229 sis:
549 1161 671 1245 nescis,
701 1161 754 1228 cui
777 1159 953 1228 maledicas
970 1160 1156 1230 virnCnn.
1176 1161 1258 1230 Non
1289 1177 1329 1230 tu

402 1264 481 1333 hinc
500 1263 594 1334 abis?

244 1506 381 1558 'l'braaone
394 1515 499 1568 autem,
521 1503 568 1574 qui
587 1521 640 1556 nou
654 1503 757 1569 audiit,
801 1504 948 1558 ruinaverat
962 1505 1038 1576 prior
1051 1503 1216 1576 Pamphilam
1226 1523 1235 1570 3
1247 1525 1302 1557 eam
1317 1545 1327 1570 ,

244 1595 393 1656 pergente:
413 1595 438 1634 et
456 1603 508 1637 cum
526 1603 573 1647 eo,
595 1597 645 1637 etc.
656 1585 757 1651 Thais,
801 1585 865 1656 qnia
872 1585 999 1638 Chremes
1009 1583 1043 1638 de
1054 1583 1146 1637 eadem
1159 1587 1325 1657 perrir'llam

244 1663 356 1718 omnino
368 1676 497 1734 pertaesa,
512 1664 616 1716 nullum
630 1665 684 1735 jam
700 1683 757 1717 mo·
801 1662 882 1718 modo
894 1664 1141 1718 mentionemteeit.
1152 1696 1193 1709 -
1208 1666 1324 1736 Targae,

243 1741 309 1796 dum
318 1743 425 1806 retinet,
435 1755 461 1796 et
471 1741 538 1798 dicit
548 1745 757 1812 tantumdubuit,
800 1743 900 1798 nedum
909 1743 1206 1814 neemiam—Omnium
1221 1779 1229 1792 ·
1243 1779 1250 1792 ·
1263 1781 1270 1792 ·
1283 1761 1325 1799 est

243 1825 329 1885 volui,
342 1829 375 1875 sit
382 1844 429 1893 pro
441 1829 533 1876 ratione
544 1823 674 1887 uoluntas,
687 1825 757 1880 nihil
801 1825 974 1884 ἀποσιώπησις
993 1823 1153 1895 indignantia
1167 1863 1175 1888 ,
1189 1839 1219 1878 ut
1234 1825 1324 1878 Andr.

241 1905 296 1975 jam
312 1903 367 1954 lere
380 1904 501 1958 locutura
525 1905 638 1975 amplius
661 1905 688 1957 in
702 1917 757 1959 tota
801 1921 839 1956 va.
855 1905 928 1974 8733
944 1903 993 1958 nisi
1005 1903 1079 1976 quod
1088 1903 1239 1975 interpellat
1254 1924 1324 1958 con·

243 1999 329 2036 scena.
344 2015 378 2025 -
390 1985 470 2054 Ergo.
483 1985 617 2050 Quoniam
634 1988 756 2038 meretrix
800 1983 922 2037 violaturi
933 1983 1081 2038 orationem
1089 1983 1321 2040 Gnatam-Aa.

244 2061 311 2118 dixit
326 2064 427 2128 Labecia
448 2064 524 2127 ideo,
541 2084 614 2132 ergo,
629 2064 756 2136 Pamphi·
801 2063 860 2136 quid
869 2073 989 2134 ag.?etc.
999 2063 1050 2116 Per
1060 2081 1160 2116 norum
1167 2065 1324 2117 assentatio-

242 2146 296 2198 lam
315 2144 391 2196 miles
413 2161 486 2197 nunc
504 2144 609 2214 repetit.
633 2171 674 2185 --
701 2147 757 2197 Huc
799 2146 840 2196 nis
850 2163 942 2214 genua,
955 2144 1061 2197 simulat
1070 2143 1178 2198 Gnatho
1193 2145 1322 2197 miserere

245 2224 325 2276 redde.
347 2224 405 2276 Hae
418 2243 473 2277 non
490 2227 544 2286 hin
566 2224 630 2296 quia
643 2223 756 2278 verbum
801 2223 1323 2287 seChremetis‚conviciol'onnidahilem

245 2304 318 2357 redde
331 2317 419 2356 motus
433 2303 535 2376 aliquid
551 2304 602 2357 hoc
615 2304 675 2356 loco
686 2303 757 2358 indi·
800 2303 943 2356 vindicum
957 2303 1103 2357 Thrasonis
1127 2304 1156 2354 in
1175 2321 1204 2356 ae
1224 2305 1319 2358 conci-

243 2395 285 2438 cat
299 2402 305 2436 :
319 2386 364 2436 huc
375 2384 468 2446 adduc,
484 2395 508 2436 et
524 2383 603 2436 redde.
627 2384 755 2438 Praeterea
801 2385 895 2448 taturi;
905 2396 932 2436 et
944 2380 1038 2437 euadat
1049 2395 1079 2436 ut
1090 2381 1203 2437 taeendo
1216 2401 1269 2436 aua
1281 2403 1323 2437 aa·

244 2483 299 2516 non
315 2465 371 2516 sine
384 2465 598 2533 contemptulmc
612 2461 694 2529 dicit,
707 2485 757 2537 po·
799 2463 849 2516 luti
862 2465 991 2518 consulat.

244 2545 378 2614 tiuaquam
390 2543 426 2594 ad
432 2563 475 2593 me.
486 2543 612 2595 -Mavis
620 2548 688 2616 eripi,
698 2545 756 2597 sub.
841 2563 908 2614 797.
927 2545 997 2613 Ouid
1008 2557 1035 2596 tu
1050 2545 1094 2596 tibi
1103 2547 1162 2595 vis!
1176 2544 1210 2595 In
1221 2542 1318 2597 Leidd.

248 2641 309 2675 eam.
800 2637 924 2694 quatuor,
931 2625 1067 2694 Lipsiarm,
1077 2623 1135 2677 aliia
1146 2635 1173 2675 et
1183 2621 1263 2676 editis
1272 2643 1322 2676 an·

224 2729 231 2748 .
288 2700 756 2778 795.Lubrrit.Antesign.Br.Delph.
800 2703 956 2774 tiquiaeimis
973 2705 1029 2758 hac
1052 2703 1188 2756 Chremeti
1219 2703 1320 2757 adacti-

247 2783 326 2836 lr'bur't.
341 2813 381 2824 —
394 2781 452 2832 Nisi
460 2785 495 2832 vi.
511 2782 588 2834 Botlr.
603 2781 666 2852 legit
678 2786 725 2835 nisi
737 2791 759 2836 si
800 2783 910 2836 buntur.
924 2816 964 2826 —
980 2784 1037 2837 Non
1054 2795 1153 2854 tangam
1165 2803 1250 2837 meam.
1267 2783 1320 2836 Ma.

245 2881 306 2916 curn
322 2861 381 2932 Bip.
394 2872 420 2913 et
432 2861 476 2914 Br.
802 2864 874 2934 Lipa.
885 2875 985 2934 tangam
994 2865 1320 2935 eamr’Scilicetaeriptum

288 2945 354 3012 796.
378 2941 435 2992 Aut
446 2953 472 2992 tu
487 2961 547 2993 eam.
563 2940 607 2994 sic
622 2943 757 3016 Antesign.
802 2942 886 2996 luerat
899 2955 975 3014 targa
989 2945 1021 2997 M
1032 2943 1165 3015 eamquod
1179 2945 1250 2996 valet
1264 2955 1321 2995 tan·

246 3023 331 3074 Bentl.
342 3021 410 3074 Perl.
420 3021 491 3073 Dant
500 3035 545 3092 aut
554 3032 579 3072 tu
590 3022 666 3076 illam.
675 3023 758 3077 zeum
800 3041 857 3092 gam
868 3043 929 3075 eam.
939 3055 980 3066 -
987 3023 1188 3096 Inter-pungitur
1197 3041 1322 3095 quoque:

248 3101 329 3172 Valp.
344 3101 422 3154 Del'et
436 3101 516 3154 Both.
531 3114 581 3154 aut.
594 3133 633 3143 —-
645 3103 690 3154 Br.
703 3104 761 3156 Tibi
802 3115 867 3155 trram
881 3099 985 3156 autem?
992 3106 1114 3172 furcifer!
1131 3137 1172 3146 -
1189 3103 1261 3174 Quid
1275 3116 1319 3168 tu,

248 3201 300 3234 erm
316 3181 421 3239 reddar.
437 3193 479 3233 aut
494 3193 519 3232 tu
534 3201 586 3233 eam
608 3193 703 3252 tangat.
720 3215 760 3226 -
802 3201 838 3236 sc.
851 3183 986 3236 Chremes.
998 3184 1097 3257 Qm'dtu
1104 3185 1149 3235 tibi
1157 3185 1319 3236 attellanae.

247 3263 310 3314 Aa!
324 3263 390 3332 Eug.
403 3261 456 3314 Ha.
469 3284 506 3295 -
525 3263 594 3331 Quid
604 3266 666 3332 agis.
678 3266 760 3316 Ante·
803 3263 870 3316 Cum
879 3261 983 3316 Thaide
996 3264 1068 3336 anim
1080 3265 1249 3335 loquebatur,
1262 3281 1319 3315 non

248 3343 313 3414 sign.
324 3344 404 3394 Zenn.
415 3354 441 3394 et
455 3341 511 3404 alii,
526 3343 586 3410 quid
593 3345 759 3396 aia-Tace.
803 3361 864 3395 cum
877 3337 1027 3396 Chremeta.
1040 3343 1133 3396 Donat.
1157 3375 1197 3386 -
1212 3343 1295 3394 Meam
1310 3379 1318 3405 ‚

246 3422 424 3476 Vocemhanc
430 3421 524 3474 tribuit
531 3421 761 3486 nonl'araait0‚aed
803 3423 917 3492 puellam
929 3441 988 3494 qua
999 3441 1057 3476 mea
1073 3435 1120 3477 est.
1128 3453 1168 3464 -
1180 3425 1259 3476 Taum
1272 3443 1321 3474 au·

247 3501 468 3556 ChremetiBoth.
476 3514 503 3554 et
511 3501 759 3567 ait:·aliareaeaaet,
805 3515 857 3555 tem.
877 3505 941 3556 =Vox
964 3516 1001 3556 eat
1021 3503 1178 3568 refellentia,
1203 3518 1230 3558 et
1247 3500 1322 3555 indi·

245 3583 268 3634 ai
281 3583 322 3634 abi
330 3580 459 3637 diceret.»
473 3614 514 3624 -
524 3581 579 3633 Tibi
585 3584 652 3634 illam
660 3581 758 3648 reddat,
803 3581 914 3652 garantia
928 3615 968 3625 —
979 3583 1100 3649 Furcifer.
1116 3581 1261 3654 Indignum
1285 3583 1322 3634 li·

245 3673 295 3715 etc.
309 3661 409 3734 Supple
420 3662 514 3716 Fr'erine
521 3667 610 3732 poterit
622 3676 661 3724 ur,
671 3675 719 3714 ete.
731 3677 757 3716 et
801 3662 867 3715 hero
879 3663 988 3716 homine
999 3663 1165 3729 convicium,
1188 3681 1242 3734 quo
1257 3664 1321 3734 qui-

245 3741 421 3814 Interrogatio
433 3741 546 3815 negandi
561 3743 614 3795 vim
624 3743 757 3798 habet-
803 3741 864 3796 dem
876 3743 959 3796 utitur
975 3743 1087 3796 rusticus
1101 3742 1254 3796 adolescens
1279 3755 1321 3795 at·

245 3821 326 3886 Illam,
342 3843 401 3876 eam.
422 3825 488 3878 Haec
509 3825 666 3894 pronomina
682 3841 753 3875 eam·
801 3841 854 3894 qne
865 3824 955 3876 iratus.
965 3825 1006 3877 Cf.
1017 3822 1236 3893 ariprandum.
1247 3826 1319 3891 619.

245 3899 304 3953 dem
314 3901 345 3955 ad
357 3923 494 3973 personam
503 3904 661 3968 referuntur,
674 3901 755 3955 modo
802 3922 860 3974 pag.
877 3907 922 3957 8².

244 3983 352 4051 paulum
369 3983 481 4035 absimili
499 3984 607 4048 :Illam,
629 3981 702 4054 quasi
721 3981 753 4036 ad
840 3986 906 4052 798.
929 3983 1065 4035 xlllalrrlicur
1087 3987 1147 4035 niro.
1176 3983 1317 4052 Antesign.

243 4059 370 4131 quiddam
381 4063 516 4126 remotius,
528 4064 694 4134 quia'l'hrasn
705 4083 753 4116 no·
800 4065 874 4116 Bent.
895 4063 991 4134 Delph.
1008 4064 1065 4135 Bip.
1082 4063 1150 4116 Both
1185 4063 1317 4116 maledicar
