3014 4860
285 373 360 458 418
512 373 692 442 PUBLll
719 376 978 446 TERENTlI
1006 379 1130 447 AFRI

280 509 383 576 Bacc.
413 505 567 575 Etiamne
591 519 702 576 tecum
735 507 790 579 hie
816 535 868 579 res
891 511 973 579 mihi
998 510 1073 581 est?
1094 513 1177 583 Srn.
1199 515 1355 603 Minime3

442 627 536 682 tuum
556 613 615 682 tibi
634 615 748 684 reddo.

280 723 386 789 Broc.
416 721 532 789 Eatur.
557 721 638 795 Sta.
660 724 805 816 Sequere
836 723 910 791 hae.
935 727 1045 808 Heus,
1067 727 1209 796 Dromo.
1234 731 1354 800 Dnon.

440 827 525 914 Quis
541 851 595 895 me
612 826 706 897 volt?
724 831 806 899 Srn.
829 831 940 924 Syrus.
960 834 1083 902 Dnon.
1103 834 1194 923 Quid
1217 850 1269 905 est
1285 837 1350 907 rei?

283 935 364 1002 Srn.
376 931 522 1003 Ancillas
530 959 646 1004 omnes
659 936 831 1005 Bacchidis
845 936 982 1007 traduce
993 939 1061 1009 hue
1072 940 1115 1010 ad
1129 928 1190 1011 vos
1206 967 1354 1038 propere.

283 1041 406 1108 Dnon.
420 1039 669 1128 Quamobrem?
678 1045 760 1113 Srn.
770 1043 823 1112 Ne
839 1069 976 1138 queres.
990 1046 1144 1116 Efferant
1157 1073 1232 1144 quae
1245 1075 1360 1122 seeum

442 1146 636 1218 attulerunt.
1318 1183 1356 1236 ,n

282 1251 435 1349 Sperabit
456 1269 625 1350 sumptum
648 1255 711 1326 sihi
730 1280 831 1327 senex
849 1255 995 1328 levatum
1022 1285 1093 1330 esse
1111 1261 1233 1331 harum
1252 1265 1352 1334 abitu.

235 1537 236 1540 η
325 1505 392 1568 74²·
411 1495 526 1546 Etiamne
542 1503 615 1542 tecum
630 1491 669 1542 lu'c
686 1509 723 1542 res
741 1491 800 1541 milri
842 1487 958 1543 flectitur
978 1503 1006 1544 et
1023 1491 1087 1564 quia
1107 1493 1207 1548 mulier
1224 1509 1252 1549 et
1273 1515 1353 1550 mere·

285 1591 328 1631 est.
348 1578 391 1628 An
408 1571 510 1644 aliquid
528 1583 655 1643 pretereo
674 1570 740 1622 mihi
760 1581 799 1622 est
842 1569 902 1632 trix,
919 1588 978 1640 que
995 1573 1111 1626 trahitur
1126 1575 1240 1627 minimo
1252 1576 1353 1630 lucello.

282 1656 382 1729 negotii
390 1653 464 1726 npud
473 1649 673 1710 Menedemum,
684 1647 757 1720 quod
769 1662 798 1702 tu
842 1649 876 1702 Et
893 1662 963 1702 eatur
976 1652 1204 1725 impersonaliter,
1224 1657 1298 1726 quari
1316 1655 1354 1708 di-

284 1738 352 1790 mihi
368 1749 450 1788 struua
468 1751 498 1786 ac
518 1729 612 1803 peres?
624 1731 721 1782 Nonne
737 1728 798 1782 satis
842 1741 901 1794 eat,
914 1749 930 1782 a
948 1749 999 1796 me,
1015 1732 1058 1786 vel
1072 1753 1087 1784 a
1104 1738 1161 1786 met's
1176 1737 1280 1787 ancillis.
1297 1737 1353 1790 cat-

285 1837 328 1870 me
356 1813 427 1888 apud
455 1812 623 1866 Chremetem
647 1807 799 1864 ludificatus
838 1809 927 1877 pirum.
942 1843 983 1853 —
1000 1811 1102 1885 Sequere
1118 1815 1171 1865 lane.
1187 1815 1267 1868 Tunc
1289 1829 1352 1868 tem·

284 1917 311 1950 ee
322 1897 334 1950 t
351 1891 602 1967 Aspernaturenint,
610 1887 683 1960 quod
692 1891 800 1961 petebat
841 1891 930 1960 potia,
940 1889 1027 1945 Clinia
1038 1911 1101 1946 cum
1108 1893 1243 1948 Bacchide
1251 1895 1353 1949 abit.-

284 1965 384 2050 Simu
408 1993 458 2028 nee
480 1971 513 2026 ad
540 1972 672 2024 rationem
693 1969 798 2022 consilii
841 1969 908 2022 Sun.
934 1969 1025 2042 Syrus,
1047 1974 1107 2026 sub.
1125 1987 1153 2027 te
1170 1975 1246 2038 uult,
1262 1988 1289 2029 te
1309 1995 1352 2047 ep.

283 2061 341 2130 ejus
368 2057 425 2109 vult
444 2051 586 2115 accedere,
608 2047 696 2102 donec
716 2068 798 2114 mox,
840 2049 929 2118 pellat.

283 2138 374 2192 subito
389 2135 469 2200 llexn,
483 2132 597 2186 annuit:
612 2141 688 2182 eatur.
703 2130 798 2182 Boeele·
882 2135 950 2200 744.
967 2132 1085 2184 Traduce.
1103 2133 1132 2186 C.
1149 2133 1185 2186 G.
1201 2135 1245 2188 eh.
1262 2136 1352 2188 miluc.

285 2238 335 2271 rus.
349 2245 389 2258 -
403 2217 483 2270 Putat
493 2211 603 2266 Bothiua
621 2229 677 2263 non
694 2209 797 2281 percipi
840 2239 880 2252 -·
894 2210 967 2273 Huc,
984 2212 1012 2263 in
1027 2209 1109 2264 domo
1124 2213 1171 2264 uhi
1184 2233 1257 2267 nunc
1268 2234 1303 2267 ea.
1314 2247 1353 2258 --

283 2299 363 2368 vulgo
374 2297 426 2349 loci
439 2295 604 2348 sententiam.
617 2292 797 2361 «Interrogat‚
840 2290 888 2342 Ad
897 2311 951 2360 ons.
967 2291 999 2342 In
1012 2290 1124 2344 domum
1137 2293 1299 2347 Menedemi.
1314 2327 1354 2338 -

283 2391 315 2430 ut
325 2376 531 2441 dicit,Cliniam
542 2371 707 2433 Bacchia,en
718 2371 798 2422 etiam
840 2368 953 2423 Pluralis
975 2371 1056 2442 hujus
1074 2375 1194 2433 numeri,
1219 2376 1297 2427 etiam
1320 2373 1355 2428 de

284 2458 313 2509 in
329 2456 411 2509 domo
425 2469 535 2527 paterna
552 2472 593 2505 res
609 2449 660 2505 sibi
674 2469 735 2503 oum
749 2451 797 2502 illo
839 2468 895 2502 uno
905 2448 983 2515 dicti,
997 2470 1075 2523 supra
1085 2455 1140 2522 jam
1153 2454 1285 2508 rationem
1295 2454 1355 2508 red·

284 2537 425 2602 intumit,
437 2550 465 2590 ut
475 2531 606 2605 luitapnd
618 2531 796 2584 Chremetem.
839 2527 965 2582 didimus.
1230 2544 1233 2551 ’

284 2614 438 2688 Respondet
456 2635 507 2687 pro
521 2614 610 2668 Clinia
622 2630 731 2678 servus,
746 2611 797 2662 mi·
881 2611 948 2680 745.
961 2612 1088 2678 Effer-ant.
1104 2613 1138 2664 In
1153 2613 1211 2666 aliia
1224 2627 1263 2668 eat
1278 2627 1303 2666 et
1313 2618 1354 2682 se-

284 2697 358 2748 nime
372 2694 402 2748 id
416 2697 555 2756 futurum,
570 2691 617 2746 aed
631 2709 709 2746 suum
726 2708 798 2743 amn·
840 2703 904 2743 rant.
931 2721 972 2733 -
998 2692 1076 2762 Legit
1096 2703 1122 2743 et
1141 2706 1203 2765 post
1221 2695 1355 2747 attulerunt·

283 2788 370 2828 torem
377 2777 556 2848 Clitiphonem
566 2774 606 2826 illi
613 2771 747 2825 redditum
754 2771 798 2824 iri.
841 2770 929 2824 Guelf.
946 2769 972 2823 3.
986 2803 1027 2814 --
1041 2773 1224 2842 Quamobrem?
1235 2777 1352 2840 Dromo,

284 2856 358 2920 Hae,
368 2870 400 2909 nt
413 2875 477 2909 mox
488 2857 550 2916 liuc,·
561 2854 623 2925 quia
636 2852 733 2906 vicina·
742 2853 799 2906 Me·
839 2863 932 2920 utpote
948 2849 1145 2918 tardiusculus,
1160 2872 1215 2906 non
1231 2841 1355 2926 intelligit

284 2937 391 2990 nedemi
415 2935 515 2989 adesa
538 2964 578 2976 --
596 2933 663 2984 Vult
681 2931 797 3002 denique
839 2929 1355 3006 Syrieonsilium.Deeoeuperiua515,

284 3015 407 3070 Daeieria
419 3033 523 3070 aeneum
537 3031 610 3066 esee:
625 3039 637 3060 ι
646 3013 718 3066 Num
730 3013 797 3078 huo,
840 3009 996 3064 nuectiniae
1003 3029 1093 3064 servus
1100 3011 1278 3067 tardiusculus
1284 3028 1349 3069 est..

284 3100 325 3150 tui
338 3097 421 3168 gratia
429 3095 539 3149 debeam
551 3093 599 3145 ire.
613 3091 741 3156 Minime,
754 3110 797 3144 re·
841 3089 975 3160 Calplrum.
989 3122 1030 3137 -
1040 3093 1105 3159 (luce
1118 3113 1196 3147 recum
1211 3095 1352 3149 attulerunt.

283 3175 415 3248 apondere
440 3192 565 3238 servum,
586 3170 632 3224 sed
656 3172 695 3224 tul
716 3171 798 3242 ipsius
838 3169 924 3239 Supra
942 3169 1016 3236 451,
1031 3173 1099 3233 452.

283 3257 436 3310 commodo.
449 3283 461 3304 ι
478 3287 519 3298 -
533 3255 619 3306 Tuum.
635 3252 668 3304 ll.
685 3271 709 3305 e.
723 3250 797 3323 quod
871 3250 1351 3322 746·Speruhit.Guyet.auoarbitrio,

283 3339 335 3392 tihi
354 3339 489 3410 pollicitus
504 3353 573 3387 eum.
587 3363 628 3374 -
643 3331 739 3385 Melius
757 3332 795 3384 sie
838 3342 868 3383 ut
883 3331 967 3396 solet,
984 3331 1089 3394 emibit,
1104 3331 1218 3404 legitque
1238 3341 1350 3404 sperauit.

283 3412 558 3490 aecipi'arbitramur‚
569 3431 649 3488 quam
663 3412 684 3465 ai
698 3413 797 3465 euban-
837 3411 926 3466 Weat.
935 3441 976 3451 —-
988 3411 1094 3464 Harum.
1110 3413 1203 3466 Faern.
1216 3415 1293 3467 Bent.
1304 3417 1350 3468 Br.

282 3499 381 3554 diveria
391 3511 530 3551 amatorem.
837 3502 865 3542 et
881 3502 943 3561 post
956 3509 1001 3542 eos
1016 3491 1076 3562 Bip.
1094 3493 1124 3544 Z.
1141 3493 1220 3547 Both.
1238 3494 1350 3548 Hmnoe,

323 3577 391 3650 743.
415 3580 517 3650 Sequere
534 3575 587 3626 tac.
605 3573 656 3624 Ma.
677 3571 705 3624 in
724 3571 794 3623 Bihl.
836 3597 878 3612 --
895 3571 982 3624 Senen.
1007 3571 1143 3624 Chremes.
1166 3603 1205 3616 -
1225 3573 1352 3646 Sumptnm

281 3663 348 3733 Reg.
360 3660 420 3713 Par.
431 3677 527 3729 sequere
541 3675 576 3706 me
589 3654 642 3704 lene.
656 3652 717 3722 Bip.
729 3671 794 3705 oon·
836 3650 884 3702 sthi
895 3651 1005 3704 levatum
1019 3652 1156 3722 Impenaaa
1169 3653 1221 3704 eibi
1235 3672 1289 3705 esee
1302 3653 1352 3708 de·

257 3743 338 3815 ·jicit
363 3741 441 3802 laune,
462 3755 512 3809 pro
537 3737 589 3786 lue.
613 3733 664 3786 llic
686 3730 794 3784 adnotat
836 3731 1013 3784 minutae-
1026 3731 1123 3782 Harum
1135 3732 1351 3804 abiem-utpote,

278 3817 572 3888 Bothius:«vulgohnc
584 3815 653 3884 Syro
661 3813 790 3870 tribuunt,
836 3829 894 3881 que
914 3811 968 3864 aint
988 3823 1068 3864 tante
1087 3811 1278 3865 multitudinis.
1296 3814 1352 3867 Sed

278 3903 327 3975 qui
347 3903 374 3954 in
397 3917 474 3952 arena
497 3893 689 3966 aliquantisper
714 3893 792 3945 etiam
835 3889 919 3942 nescit
932 3910 965 3943 ex
976 3909 1046 3944 eare
1060 3889 1186 3944 damnum
1198 3890 1233 3945 ad
1247 3911 1351 3946 seven·

278 3994 386 4038 manet:
401 3979 479 4030 mule.
496 3974 619 4044 Phrygiae
643 3971 708 4025 dicit
727 3971 792 4023 Boc·
836 3981 942 4034 turum,
957 3968 1021 4023 dum
1034 3971 1126 4024 haere
1140 3972 1255 4024 maxime
1264 3985 1353 4027 exton-

276 4063 341 4117 chin
355 4083 366 4108 ι,
377 4081 418 4094 -
429 4059 519 4110 Eatur.
533 4050 721 4106 Concedentie.
731 4052 792 4104 Cito
835 4049 963 4121 quehitur
973 4064 1122 4122 argentum.
1135 4052 1304 4123 Eugmplu'ns.
