2926 4858
279 440 393 485 cnm
429 363 551 487 Loca
566 415 814 488 nnunuour
831 417 889 486 nr
903 417 1205 486 aronnooonr

279 549 476 619 Liberorum
494 563 621 644 patrem
641 573 712 619 csse
731 549 874 637 factum,
890 574 1015 619 moeror
1037 549 1118 635 fuit,
1135 548 1301 639 formido,
1317 565 1349 619 et

333 670 490 725 anneus.

458 764 619 832 anrna.
650 764 732 832 Aer.
762 787 802 832 11.
831 764 887 833 Sc.
918 787 930 832 1
961 751 1026 854 (vs.
1058 755 1159 850 noo).

283 920 430 1016 «Neque
450 918 649 989 declinatam
667 920 846 1014 quidquam
864 920 906 989 ab
930 917 1070 989 aliarum
1090 922 1223 1015 ingenio
1247 919 1350 989 ullam

334 1027 488 1121 reperias.
504 1055 521 1090 ν
546 1025 753 1095 Menander:
950 1037 953 1042 '

280 1135 358 1207 Γυνὴ
377 1132 514 1228 γυναικὸς
529 1135 653 1201 πώποτ’
671 1124 758 1200 οὐδὲν
779 1124 924 1226 διαφέρει.

276 1243 307 1307 Α
322 1239 457 1308 foemina
475 1235 521 1306 nil
538 1238 673 1307 foemina
692 1263 839 1333 unquam
857 1239 1033 1334 discrepat.

278 1345 362 1414 Ibid.
385 1335 445 1434 (vs.
467 1333 570 1436 208.)
595 1343 806 1414 «Postmodo
829 1346 1025 1414 rescisces.»
1043 1343 1251 1416 Menander:

276 1451 372 1517 Ταῦθ’
388 1454 511 1544 ὕστερον
526 1445 635 1529 Midou
651 1445 686 1516 iu
702 1451 915 1545 ἡμαρτημένα.

276 1556 439 1646 Quaenarn
457 1556 522 1626 sint
542 1557 737 1642 commissa,
752 1556 825 1627 haec
844 1571 881 1626 tu
900 1556 1114 1652 postmodum
1131 1559 1304 1628 rescisces.

532 1716 614 1784 Acr.
643 1738 699 1785 111.
728 1716 782 1784 Sc.
812 1738 856 1784 111
883 1709 946 1803 (vs.
977 1703 1080 1809 380).

282 1874 479 1945 «Omnibus
499 1874 595 1943 nobis
615 1887 652 1942 ut
674 1897 726 1942 res
746 1872 826 1942 dant
844 1899 934 1962 sese,
956 1876 1002 1943 ita
1022 1876 1134 1969 magni
1161 1889 1262 1968 atque
1285 1877 1352 1944 hu-

332 1980 426 2051 miles
446 2005 599 2050 sumus.»
626 1977 873 2074 Apollodorus:

277 2091 387 2167 Οὕτως
402 2090 529 2166 ἕκαστος
544 2077 598 2154 dui
615 2083 657 2153 τὰ
672 2086 844 2181 πράγματα
861 2087 966 2179 σεμνὸς
985 2083 1020 2159 ἧν

278 2178 310 2260 H
327 2196 379 2262 καὶ
394 2197 547 2272 ταπεινός.

278 2303 330 2369 lta
342 2302 492 2394 quisque,
503 2311 542 2367 ut
555 2321 608 2366 res
620 2297 703 2366 dant
715 2323 796 2387 sese,
804 2313 838 2368 et
853 2299 963 2393 gravis
981 2313 1014 2368 et
1029 2295 1163 2370 humilis
1177 2325 1248 2370 esse
1260 2299 1354 2371 solet.

573 2462 654 2533 Aer.
684 2486 736 2532 ιιι.
765 2465 819 2533 Sc.
839 2487 863 2532 ν
891 2455 953 2557 (νε.
983 2453 1086 2560 457).

285 2632 449 2704 «salvum
471 2645 569 2726 atque
585 2628 771 2698 validum.»
790 2630 996 2701 Menander:

276 2745 482 2832 Ἐὐτυχιῢντα
497 2737 550 2805 καὶ
568 2739 768 2828 σεσωσμένον.

281 2850 499 2916 Fortunatum
519 2841 724 2936 salvumque.

513 3021 596 3088 Acr.
625 3041 673 3087 ιν.
702 3019 757 3087 Sc.
786 3036 813 3087 ιι
840 3006 904 3112 (vs.
935 3015 1028 3114 595,
1049 3009 1123 3114 sq).

287 3181 366 3250 «Ut
383 3202 426 3247 ne
449 3178 503 3247 cui
529 3199 610 3244 meae
630 3177 871 3270 Longinquitas
894 3177 998 3246 aetatis
1021 3177 1148 3266 obstet,
1168 3192 1355 3248 mortemve

338 3297 506 3380 exspectet
527 3305 646 3352 meam.
659 3311 676 3346 o
695 3283 903 3352 Menander:

285 3394 398 3487 Πικρόν
418 3396 485 3459 ἐστι
501 3390 621 3483 θρέμμα
633 3389 728 3482 γέρων
751 3392 781 3456 ἐν
801 3388 880 3480 οἰκίᾳ
898 3391 1004 3478 μένων.

283 3497 519 3569 Amarulentus
534 3509 584 3564 est
599 3491 752 3564 alumnus
770 3519 870 3564 senex
886 3495 978 3566 domi
996 3520 1144 3565 manens.

555 3677 638 3743 Acr.
668 3696 715 3742 ιν.
745 3675 799 3744 Sc.
829 3699 868 3744 ιν
895 3669 955 3763 (vs.
988 3667 1087 3770 710).

287 3861 305 3898 α
320 3834 449 3902 Amarae
465 3830 620 3900 mulieres
635 3844 751 3899 sunt.»
769 3832 954 3901 Menander
968 3834 1057 3928 apud
1073 3832 1242 3904 Stobaeum
1257 3849 1267 3896 :

281 3941 374 4005 otro
388 3933 461 4032 γυνῆ
482 3933 621 4011 δυσήνιόν
641 3939 707 4003 ἐστι
727 3937 777 4004 καὶ
795 3940 911 4027 πικρόν.

282 4043 411 4114 Natura
429 4041 516 4113 mala
533 4040 653 4112 mulier
670 4058 769 4137 atque
787 4043 929 4114 effraenis
947 4060 1005 4114 cst.
