3052 4864
402 475 647 545 ELENCHUS
674 474 1021 544 ALPHABETICUS.
1163 495 1248 543 com

174 610 241 662 Pict·
439 605 531 660 Editio
544 604 723 661 pictaviensis.

175 690 220 742 Pr.
435 687 596 740 Priscianus.

173 771 207 822 R.
436 767 487 820 Ma.
498 767 527 820 in
540 765 611 820 Bibl.
625 767 690 838 lieg.
706 767 788 820 Paris.

174 849 230 903 RC.
436 844 737 919 RomanusGod.apnd
748 847 844 901 Perlet.

145 969 147 974 .
174 929 264 982 Ruhn.
275 927 346 981 Dies.
436 926 592 980 Ruhnkenii
607 923 719 982 niutan.

174 1009 234 1064 Riv.
434 1007 536 1060 Rivius.

174 1088 211 1142 St.
436 1084 528 1140 Editio
541 1088 574 1141 R.
588 1085 725 1160 Stephani.

174 1175 218 1222 Tr.
438 1165 531 1222 Codex
541 1165 691 1221 Academia
699 1165 867 1240 Trajoetinu.

174 1249 209 1300 V.
439 1245 533 1301 Codex
544 1247 698 1301 Vaticanus.

173 1327 253 1399 Valp.
434 1324 507 1380 Edit.
523 1326 648 1398 Anglicu,
660 1339 770 1380 curante
779 1325 878 1396 Vulpy.

174 1408 209 1458 V.
226 1409 249 1458 1.
390 1441 401 1462 ·,
435 1407 521 1481 Vetus
531 1407 673 1480 interpres.

174 1486 220 1538 Vi.
436 1486 608 1540 Victorianus
623 1485 675 1540 Ms.

170 1566 244 1620 Vict.
437 1591 448 1614 ι
461 1567 597 1620 Victorius
608 1565 651 1620 vei
664 1565 835 1620 Victorianus
844 1562 907 1618 cod.
920 1589 931 1611 ι
947 1563 992 1622 Sic
1004 1562 1061 1618 hoec
1076 1561 1179 1617 notaio
1196 1580 1246 1616 usn

475 1660 515 1700 cst
527 1646 600 1719 apud
609 1647 711 1709 Perlet,
730 1658 758 1701 et
770 1645 808 1700 sic
821 1646 856 1700 ab
865 1663 898 1698 eo
910 1644 1047 1716 explicato.

175 1727 265 1780 West.
439 1727 655 1783 Wcsterhovius.
955 1720 962 1730 ’

174 1805 262 1860 Wiei.
443 1809 508 1860 sbr.
517 1806 692 1878 Wiclingins.

174 1885 249 1940 Wis.
438 1887 489 1940 Ma.
502 1887 539 1941 V.
551 1889 585 1940 D.
598 1885 633 1939 de
644 1887 717 1944 Wit.

174 1965 204 2016 Z·
438 1967 591 2021 Zcuniensis
602 1964 645 2020 ed.
657 1964 745 2020 Lond.
757 1966 842 2019 1820,
854 1963 1021 2017 Paucissimis
1032 1961 1162 2034 exceptis,
1171 1979 1250 2031 repe·

474 2047 533 2100 titio
553 2037 591 2118 (si
608 2059 744 2100 auctorem
758 2036 879 2116 spectes)
892 2061 965 2097 mers
982 2054 1022 2098 cst
1038 2040 1162 2096 editionis
1177 2037 1250 2094 Frid.

475 2124 680 2195 Lindenbrogii.

438 2204 476 2256 M.
489 2205 515 2258 J.
530 2205 561 2260 C.
574 2205 700 2258 Zeunius.
