2926 4858
469 403 531 470 DE
557 401 799 470 TERENTlO.
1099 425 1167 504 cnv

309 611 443 680 Paulus
467 613 623 694 Orosius,
641 609 696 682 lib.
713 614 779 700 IV,
798 633 875 706 cap.
897 634 953 705 19.

153 798 263 892 Scipio
289 797 361 890 jani
385 811 466 866 tunc
495 811 718 894 cognomento
739 796 937 880 Africanus,
958 798 1168 895 triumphans

108 903 213 975 urbem
235 903 405 999 ingressus
425 917 493 992 est3
511 913 613 998 'quem
634 905 830 991 Terentius,
851 903 908 999 qui
927 918 1042 998 postea
1062 907 1168 976 comi-

108 1033 171 1090 cus,
189 1035 230 1080 ex
239 1009 409 1080 nobilibus
423 1012 744 1105 Carthaginiensium
755 1011 894 1107 captivis
908 1009 1064 1104 pileatus,
1077 1011 1168 1106 quod

109 1115 233 1186 indultae
249 1116 312 1186 sibi
325 1115 484 1188 libertatis
498 1118 625 1216 insigne
642 1117 723 1205 tuis,
735 1118 996 1214 triumphantem
1010 1132 1088 1212 post
1099 1142 1170 1189 cur

108 1247 173 1292 nrm
190 1238 326 1294 secutus
343 1239 402 1294 est.

109 1425 213 1500 livius,
228 1426 280 1486 tin.
299 1448 375 1497 xxx,
391 1447 450 1487 non
464 1429 609 1488 comicum
629 1428 708 1488 hunc
722 1429 870 1508 intelhgit,
887 1427 938 1489 sed
954 1428 990 1487 ad
1002 1427 1171 1488 Terentium

142 1525 310 1584 Culieonem
325 1539 487 1585 senatorem
503 1532 588 1586 Rom.
600 1527 703 1599 refert,
717 1528 768 1607 qui
779 1528 858 1606 pileo
871 1525 961 1607 capiti
972 1526 1108 1606 imposito
1120 1544 1169 1584 se-

143 1633 282 1681 natusest
297 1622 464 1702 Scipionem
481 1623 726 1703 triumphantem:
742 1637 821 1683 certe
835 1623 872 1683 de
892 1625 1033 1683 alterutro
1048 1622 1170 1696 Quinti-

141 1717 208 1778 liani
219 1719 308 1780 etiam
323 1719 403 1780 locus
417 1740 454 1780 cx
468 1721 596 1784 Decium.
607 1741 639 1780 nr
652 1721 857 1809 inteiligendus
868 1734 921 1784 est.
934 1719 1170 1797 Liodcohrogias.

341 1916 503 2001 Salonius
516 1920 714 2015 Apollines.
733 1923 844 1992 Carra.
854 1923 932 1992 XX.

262 2088 342 2164 Quid
354 2110 405 2150 vos
421 2091 531 2170 eloquii
546 2111 647 2150 canam
662 2092 766 2152 Latini.

261 2191 404 2270 Arpinas,
418 2193 571 2263 Pausiae,
583 2198 757 2266 Mantuane,

263 2293 301 2348 Et
314 2301 359 2362 te,
373 2291 484 2350 comica
497 2291 549 2370 qui
563 2290 667 2366 doces,
681 2291 815 2360 Terenti,

264 2390 302 2445 Et
314 2400 356 2460 te,
371 2399 503 2468 tempore
522 2390 573 2467 qui
587 2402 666 2448 satus
682 2408 796 2458 severo,

264 2485 382 2557 Graios,
396 2487 512 2559 Plaute,
530 2487 603 2546 sales
618 2488 720 2568 lepore
733 2487 856 2547 mansis?

291 2681 436 2772 Brfinrss
460 2685 716 2755 Grammaticus
739 2683 990 2755 Antiochensis.

189 2853 314 2930 Agnovit
327 2866 452 2913 metrum
470 2866 625 2933 servatque
641 2855 795 2915 Terentius
809 2868 918 2928 artem3

189 2953 261 3008 Nam
278 2951 416 3028 prologos
432 2951 564 3012 trimetro
580 2950 683 3011 didicit
696 2972 871 3032 componere
885 2973 987 3022 versu,

189 3049 403 3127 Scenarumque
420 3064 500 3110 actas
513 3050 622 3128 primos
634 3049 710 3130 pede
721 3050 831 3110 claudit
847 3049 959 3109 eodem.

155 3237 283 3308 Servus
299 3241 335 3306 io
351 3236 454 3324 iliad,
475 3236 533 3307 lib.
553 3241 572 3306 I
593 3239 733 3310 AErzeid.
756 3267 773 3306 s
793 3237 936 3310 Talibus
952 3243 1097 3308 monas.
1118 3265 1135 3300 s>

167 3417 341 3488 Sciendum
356 3433 408 3488 est
424 3419 635 3510 Terentium,
652 3433 792 3516 propter
806 3417 910 3490 solam
928 3417 1183 3513 proprietatem,

124 3524 263 3597 omnibus
282 3526 429 3596 Comicis
445 3549 516 3595 esse
531 3527 766 3620 praepositum
788 3526 908 3622 quibus
929 3538 996 3607 est,
1018 3537 1181 3618 quantum

126 3626 160 3696 ad
172 3647 286 3702 caetera
309 3645 458 3727 spectat,
478 3631 623 3702 inferior.

339 3835 393 3904 FL
414 3835 595 3930 Sosipater
614 3835 804 3922 Charisius,
829 3831 884 3902 lib.
906 3835 955 3900 II.

173 4000 251 4106 hta,
267 4037 305 4092 ut
320 4024 366 4091 ait
387 4025 496 4092 Varro
514 4021 555 4090 de
574 4023 694 4092 Latino
710 4046 877 4109 sermone,
893 4019 948 4089 lib.
967 4019 1013 4106 V,
1027 4015 1109 4086 nulli
1127 4015 1181 4085 alii
