2968 4856
312 379 386 450 318
549 379 721 447 PUBLII
749 376 994 448 TERENTII
1022 379 1139 446 AFRI

309 511 411 600 Quod
432 535 494 604 ego
512 533 582 578 esse
599 511 634 577 in
651 508 761 604 aliqua
778 525 873 605 parte
894 509 1045 580 amicitiae
1064 525 1163 604 puto,

309 619 417 700 Facit,
437 630 475 684 ut
492 632 525 684 te
544 616 701 685 audacter
721 631 873 686 moneam
895 630 928 684 et
950 615 1165 704 familiariter,

310 723 412 813 Quod
428 723 509 793 mihi
524 721 636 791 videre
655 738 776 817 praeter
796 737 924 792 atatem
941 737 1033 791 tuam

310 834 450 916 Facere,
473 843 507 898 et
526 844 646 924 praeter
666 853 765 923 quam
789 855 841 899 res
861 845 894 898 te
912 828 1108 898 adhortatur
1125 844 1192 916 tua.
1352 857 1378 892 c„

311 937 398 1006 Nam
411 990 421 1024 ,
435 962 498 1031 pro
512 935 624 1004 Deum
642 951 741 1030 atque
754 936 928 1004 hominum
946 931 1065 1004 fidem!
1082 936 1161 1029 quid
1179 937 1229 1005 vis
1247 937 1324 1004 tibi?

311 1043 401 1134 Quid
420 1041 561 1137 quaeris?
575 1043 689 1111 Annos
707 1043 877 1136 sexaginta
893 1056 990 1110 natus
1008 1067 1058 1127 es,

310 1157 379 1219 Aut
399 1148 493 1244 plus,
510 1163 548 1217 ut
569 1149 720 1242 conjicio.
736 1151 863 1244 Agrum
884 1149 917 1216 in
939 1148 991 1216 his
1011 1147 1200 1242 regionibus

313 1254 485 1326 Meliorem
508 1279 615 1348 neque
632 1255 720 1350 pretl
737 1256 872 1349 majoris
890 1279 989 1323 nemo
1009 1253 1124 1337 hahet;

313 1365 434 1431 Servos
453 1359 640 1455 complures
656 1388 663 1428 :
680 1359 838 1456 proinde,
854 1363 946 1455 quasi
963 1385 1061 1429 nemo
1081 1361 1162 1446 siet,
1239 1387 1241 1390 ·
1268 1367 1271 1372 ’
1352 1394 1376 1430 u

312 1473 363 1538 Ita
388 1481 458 1537 tute
479 1481 602 1536 attente
619 1465 752 1537 illorum
774 1467 884 1538 officia
903 1467 1050 1561 fungere.

358 1650 403 1718 57.
419 1649 493 1717 (laod
505 1669 549 1716 ego
559 1667 608 1699 esse
621 1651 646 1699 in
658 1648 742 1720 aliqua
754 1663 826 1719 parte
871 1648 1061 1712 Laronramu,
1075 1647 1103 1698 in
1125 1641 1221 1700 labella
1239 1665 1320 1718 quam
1337 1649 1379 1700 in·

315 1733 436 1782 amicitia.
446 1729 501 1780 Nos
512 1746 543 1778 ex
558 1727 694 1798 Eugraph.
707 1741 737 1780 ut
750 1727 826 1780 vide·
871 1727 975 1798 scripsit
985 1721 1150 1778 &Victum
1156 1741 1179 1778 et
1191 1727 1226 1778 la
1234 1731 1293 1779 trois
1297 1731 1379 1799 jeram

318 1823 377 1873 tur,
393 1821 419 1860 ct
433 1826 466 1860 ex
480 1807 600 1860 Bentleio
617 1820 677 1876 post
691 1806 826 1859 Perletum
870 1807 1003 1858 Hammes:
1017 1832 1027 1854 ι
1039 1807 1104 1868 Car,
1115 1825 1148 1859 au
1156 1824 1221 1858 nom
1228 1805 1276 1858 des
1282 1808 1375 1862 Dieur.

319 1889 467 1959 recepimus
483 1888 581 1959 aliqua,
602 1905 658 1938 nou
674 1889 824 1956 propinqua,
868 1887 895 1954 je
904 1904 970 1938 vous
978 1886 1046 1956 pris,
1055 1887 1124 1951 Quel
1132 1886 1197 1938 fruit
1205 1884 1378 1940 decelabeur

319 1967 393 2040 quod
409 1966 473 2020 daut
488 1983 580 2018 omncs
594 1965 642 2017 lib.
661 1983 729 2036 quos
745 1965 826 2018 habc-
872 1983 975 2035 pouvez
989 1983 1054 2017 vous
1067 1964 1237 2018 recueillirl·

320 2067 387 2101 mus.
402 2047 550 2100 Novissima
564 2045 663 2098 scilicet
676 2045 733 2098 lraec
748 2043 826 2098 lectio
911 2047 958 2096 62.
981 2045 1050 2112 Quid
1067 2047 1173 2116 qnaeris?
1188 2045 1252 2097 Mss.
1273 2044 1379 2117 quidam

320 2129 432 2181 obscura
445 2141 492 2180 cst.
507 2125 587 2178 Both.
606 2125 669 2196 legit
684 2127 829 2196 propinqui,
871 2135 914 2175 aut
931 2124 991 2196 quid
1010 2127 1112 2197 quaeris,
1129 2122 1200 2176 haud
1221 2126 1306 2188 mule,
1321 2143 1380 2177 ccu-

320 2221 346 2262 et
361 2207 437 2260 allert
451 2206 549 2259 litteras
564 2224 579 2256 a
592 2218 618 2258 et
633 2205 749 2275 isaepius
764 2223 826 2276 per·
870 2215 944 2256 sente
958 2203 1036 2256 Both.
1046 2236 1086 2248 -
1095 2204 1165 2274 Quid
1172 2209 1281 2274 puteris?
1291 2205 1381 2268 Quor·

320 2287 418 2340 mutari
437 2287 506 2338 inter
525 2303 553 2336 se
575 2285 601 2335 in
620 2285 682 2338 Mes.
696 2317 736 2327 --
755 2283 830 2352 Quod
869 2302 927 2336 sum
948 2282 975 2335 id
995 2283 1127 2336 lacisl-
1148 2285 1235 2336 Amans
1253 2289 1380 2354 sanguia

319 2365 534 2438 negotium-Ia
543 2363 623 2435 alr'qtm
628 2376 698 2431 parte
706 2367 826 2416 amicitia.
870 2375 941 2415 natus
950 2383 982 2416 es.
990 2363 1053 2416 Huc
1061 2363 1132 2418 refer
1139 2361 1189 2426 ad,
1199 2375 1295 2415 etatem
1305 2376 1379 2426 tuum,

321 2447 363 2499 Sic
377 2443 456 2497 Ovid.
471 2444 579 2496 Metam.
592 2443 652 2496 IV:
671 2467 682 2490 ι
699 2443 827 2496 Notitiam
870 2461 908 2495 vs.
923 2443 968 2511 59.

322 2526 474 2596 primosque
488 2521 584 2594 gradus
594 2527 685 2575 vicinia
698 2523 769 2576 lecit.
783 2549 795 2569 ι
911 2521 958 2574 63.
975 2525 1030 2576 Aut
1047 2523 1111 2592 plus.
1127 2523 1254 2575 Delemus
1274 2543 1302 2574 ω
1321 2536 1381 2595 post

363 2603 585 2657 58.Familr'arieer.
592 2603 826 2655 &familiaritate
871 2603 947 2654 Bent.
962 2602 1030 2655 Perl.
1045 2603 1178 2655 Exhibeat
1188 2613 1278 2655 autem
1289 2621 1382 2655 omues

321 2703 361 2726 ·-
379 2683 551 2735 Famr'lt‘ariter.
571 2682 609 2734 Ut
628 2685 766 2754 proprium
790 2695 827 2734 est
870 2681 925 2734 alii.
943 2682 1026 2734 -Ut
1041 2685 1149 2752 conjicio.
1162 2680 1214 2734 Ed.
1227 2683 1309 2752 prim.
1325 2699 1380 2735 nou

318 2765 406 2817 amici.
870 2762 988 2832 agnoscit
1001 2769 1028 2814 τὸ
1040 2773 1075 2814 at.

364 2845 410 2912 69.
427 2844 515 2912 (laod,
533 2846 604 2916 quia.
614 2875 654 2884 -
666 2837 770 2908 Videre,
785 2841 827 2894 rel
911 2843 956 2905 64.
975 2842 1086 2910 Agrum,
1100 2839 1383 2913 prndium-Helm

321 2924 420 2976 uideris.
432 2953 472 2962 -—
485 2922 579 2975 Proeter
587 2937 681 2976 atatem
695 2937 766 2974 traam.
779 2921 827 2972 Ul·
872 2941 933 2986 rem,
949 2933 1052 2974 natura·
1064 2953 1103 2964 -
1114 2921 1186 2972 Prett'
1201 2924 1299 2991 majoris
1306 2964 1315 2986 ,
1327 2922 1383 2975 cul·

323 3017 362 3056 tra
384 3001 459 3074 quod
483 3002 571 3056 aluere
592 3002 671 3056 debet
696 3014 757 3054 atas
784 3015 828 3053 tua
871 3015 937 3054 tura.
958 3033 999 3044 -
1019 3002 1103 3074 Neque
1121 3021 1197 3054 nemo.
1212 3001 1382 3072 Duplex'ne-

320 3082 417 3136 senilis.
870 3082 941 3152 gatio
963 3081 1115 3134 Graecorum
1144 3099 1226 3132 more.
1252 3081 1381 3134 Meuand.

362 3167 409 3216 (io.
423 3163 523 3226 Facere,
539 3175 585 3214 «te
599 3179 705 3232 gerere3
719 3187 730 3207 ι
750 3173 775 3212 et
787 3161 828 3211 in·
871 3153 947 3231 Ᾰγρὸν
965 3159 1135 3232 ιύσιὸίστιρον
1152 3163 1268 3232 γεωργεῖν
1290 3157 1382 3213 addin

319 3243 413 3295 nuitur
428 3241 581 3312 defatigatio
598 3239 751 3313 quotidiana
766 3241 827 3293 Me·
872 3235 948 3311 cluat.
961 3241 1005 3294 Sic
1016 3243 1081 3293 Hor.
1096 3241 1180 3312 Epist.
1197 3241 1227 3305 1,
1242 3247 1296 3304 ¹4·
1314 3245 1341 3294 5.

321 3322 477 3388 nedemi,‹le
485 3341 537 3393 qua
551 3320 613 3374 vide
629 3323 763 3389 intra,69,
779 3339 824 3389 7⁰·
913 3321 959 3374 65.
974 3319 1058 3374 Serros
1077 3322 1214 3390 complures.
1236 3321 1382 3391 Reponunt

320 3435 360 3444 -
374 3405 410 3456 Et
427 3413 516 3473 prater
539 3421 626 3474 quam,
649 3416 718 3460 etc,
746 3403 827 3472 tnagis
872 3399 994 3471 Guyctus
1012 3415 1040 3454 et
1056 3401 1133 3452 Both.
1153 3404 1215 3452 servi
1229 3402 1379 3470 complures,

322 3501 402 3554 quam
416 3484 528 3536 fortunat
544 3495 595 3534 tuat
610 3482 755 3552 postulant.
872 3481 945 3550 quasi
958 3479 1170 3550 subintelligatur
1181 3487 1239 3530 sant
1249 3480 1303 3533 ribi.
1315 3481 1382 3532 Vult

362 3567 408 3615 61.
434 3563 484 3614 Pro
510 3563 587 3614 Derim
612 3574 683 3633 atquo
709 3563 826 3612 lominum
871 3577 961 3612 secum
981 3559 1115 3612 Bentleius
1129 3561 1224 3629 reponi
1239 3579 1320 3611 serm
1334 3579 1382 3610 non

314 3642 407 3712 fidem!
425 3643 480 3694 Hac
493 3643 682 3695 exclamatione
699 3642 826 3712 praegravi
867 3641 957 3708 plures.
984 3641 1024 3693 Br.
1052 3640 1114 3710 legit
1138 3657 1207 3709 quam
1226 3639 1319 3708 pheres.
1342 3671 1383 3682 -

319 3735 344 3774 et
364 3721 479 3793 quodam
501 3720 582 3773 modo
602 3721 713 3774 solemni
730 3722 826 3784 utitur,
872 3719 992 3783 Proinde,
1007 3707 1032 3772 dt
1043 3731 1146 3782 tamen,
1159 3737 1242 3789 quum
1254 3720 1383 3770 resitase

319 3815 350 3854 ut
372 3805 499 3872 majorem
520 3801 615 3854 habeat
635 3800 824 3853 auctoritatem.
870 3799 991 3852 habeant.
1004 3831 1043 3841 -
1055 3799 1133 3868 Quasi
1149 3817 1209 3850 netu.
1221 3801 1267 3850 siet
1281 3801 1327 3852 ita.
1342 3801 1382 3850 lta

319 3911 357 3920 -
374 3882 497 3951 Quidvis
516 3883 576 3932 tibi?
590 3879 663 3946 Quid
678 3879 759 3932 animi
776 3879 824 3932 tibi
869 3879 959 3951 qumi,
974 3877 1085 3950 perinde
1095 3897 1125 3932 ac
1136 3877 1166 3929 si·
1181 3909 1220 3919 -
1233 3877 1331 3940 Nemo,
1345 3897 1380 3932 sc.

318 3959 374 4013 est?
390 3961 454 4014 Fere
469 3960 558 4014 eadem
571 3960 710 4032 exprimit,
724 3977 773 4011 nec
785 3971 824 4012 ta·
868 3979 1013 4012 servorum.

319 4059 379 4093 men
395 4041 529 4112 proposita
546 4041 707 4106 imitatione,
723 4052 824 4094 nostras
910 4043 955 4094 66.
980 4041 1019 4092 Ita
1044 4049 1092 4090 tute
1117 4049 1214 4090 attente.
1242 4037 1379 4108 Autesign.
