<?xml version="1.0" encoding="UTF-8"?>
<!DOCTYPE html PUBLIC "-//W3C//DTD XHTML 1.0 Transitional//EN"
    "http://www.w3.org/TR/xhtml1/DTD/xhtml1-transitional.dtd">
<html xmlns="http://www.w3.org/1999/xhtml" xml:lang="en" lang="en">
 <head>
  <title>
</title>
<meta http-equiv="Content-Type" content="text/html;charset=utf-8" />
  <meta name='ocr-system' content='tesseract 3.04.00' />
  <meta name='ocr-capabilities' content='ocr_page ocr_carea ocr_par ocr_line ocrx_word'/>
</head>
<body>
  <div class='ocr_page' id='page_1' title='image "./publiiterentiia04lemagoog_0020.png"; bbox 0 0 3000 4866; ppageno 0'>
   <div class='ocr_carea' id='block_1_1' title="bbox 263 377 1164 464">
    <p class='ocr_par' dir='ltr' id='par_1_1' title="bbox 263 377 1164 464">
     <span class='ocr_line' id='line_1_1' title="bbox 263 377 1164 464; baseline -0.007 -12"><span class='ocrx_word' id='word_1_1' title='bbox 263 407 286 452; x_wconf 84' lang='lat' dir='ltr'>x</span> <span class='ocrx_word' id='word_1_2' title='bbox 443 379 702 459; x_wconf 79' lang='lat' dir='ltr'>PRAEFATIO</span> <span class='ocrx_word' id='word_1_3' title='bbox 730 379 865 451; x_wconf 85' lang='lat' dir='ltr'><strong>NOVI</strong></span> <span class='ocrx_word' id='word_1_4' title='bbox 892 377 1164 464; x_wconf 67' lang='lat' dir='ltr'><strong>EDITORIS.</strong></span> 
     </span>
    </p>
   </div>
   <div class='ocr_carea' id='block_1_2' title="bbox 267 579 1335 866">
    <p class='ocr_par' dir='ltr' id='par_1_2' title="bbox 267 579 1335 866">
     <span class='ocr_line' id='line_1_2' title="bbox 268 579 1335 684; baseline -0.002 -12"><span class='ocrx_word' id='word_1_5' title='bbox 268 581 328 672; x_wconf 89' lang='lat' dir='ltr'>ba</span> <span class='ocrx_word' id='word_1_6' title='bbox 350 613 436 671; x_wconf 88' lang='lat' dir='ltr'>nos</span> <span class='ocrx_word' id='word_1_7' title='bbox 460 579 779 684; x_wconf 84' lang='lat' dir='ltr'>abstraxerunt</span> <span class='ocrx_word' id='word_1_8' title='bbox 804 579 863 672; x_wconf 90' lang='lat' dir='ltr'>ab</span> <span class='ocrx_word' id='word_1_9' title='bbox 885 583 971 672; x_wconf 88' lang='lat' dir='ltr'>ista</span> <span class='ocrx_word' id='word_1_10' title='bbox 991 599 1248 680; x_wconf 81' lang='lat' dir='ltr'><strong>metrorum</strong></span> <span class='ocrx_word' id='word_1_11' title='bbox 1267 583 1335 675; x_wconf 89' lang='lat' dir='ltr'>in-</span> 
     </span>
     <span class='ocr_line' id='line_1_3' title="bbox 267 717 1334 866; baseline 0.003 -39"><span class='ocrx_word' id='word_1_12' title='bbox 267 717 531 866; x_wconf 62' lang='lat' dir='ltr'>dagatione{</span> <span class='ocrx_word' id='word_1_13' title='bbox 551 736 608 828; x_wconf 92' lang='lat' dir='ltr'>de</span> <span class='ocrx_word' id='word_1_14' title='bbox 627 771 718 866; x_wconf 84' lang='lat' dir='ltr'>qua</span> <span class='ocrx_word' id='word_1_15' title='bbox 741 759 914 854; x_wconf 82' lang='lat' dir='ltr'>tamen,</span> <span class='ocrx_word' id='word_1_16' title='bbox 938 771 996 842; x_wconf 83' lang='lat' dir='ltr'>nc</span> <span class='ocrx_word' id='word_1_17' title='bbox 1014 738 1063 840; x_wconf 79' lang='lat' dir='ltr'>in</span> <span class='ocrx_word' id='word_1_18' title='bbox 1081 758 1176 828; x_wconf 89' lang='lat' dir='ltr'>tam</span> <span class='ocrx_word' id='word_1_19' title='bbox 1196 736 1334 838; x_wconf 89' lang='lat' dir='ltr'>dubie</span> 
     </span>
    </p>
   </div>
   <div class='ocr_carea' id='block_1_3' title="bbox 266 895 1458 2767">
    <p class='ocr_par' dir='ltr' id='par_1_3' title="bbox 266 895 1458 2767">
     <span class='ocr_line' id='line_1_4' title="bbox 269 895 1333 1022; baseline 0.006 -38"><span class='ocrx_word' id='word_1_20' title='bbox 269 896 439 1022; x_wconf 85' lang='lat' dir='ltr'>agitata</span> <span class='ocrx_word' id='word_1_21' title='bbox 462 897 650 986; x_wconf 88' lang='lat' dir='ltr'>materie</span> <span class='ocrx_word' id='word_1_22' title='bbox 668 897 859 1000; x_wconf 84' lang='lat' dir='ltr'>omnino</span> <span class='ocrx_word' id='word_1_23' title='bbox 875 895 1122 1012; x_wconf 86' lang='lat' dir='ltr'>sileremus,</span> <span class='ocrx_word' id='word_1_24' title='bbox 1142 895 1333 1016; x_wconf 88' lang='lat' dir='ltr'>subjeci·</span> 
     </span>
     <span class='ocr_line' id='line_1_5' title="bbox 268 1053 1336 1158; baseline 0.001 -15"><span class='ocrx_word' id='word_1_25' title='bbox 268 1086 372 1158; x_wconf 89' lang='lat' dir='ltr'>mus</span> <span class='ocrx_word' id='word_1_26' title='bbox 395 1053 717 1147; x_wconf 89' lang='lat' dir='ltr'>tantummodo</span> <span class='ocrx_word' id='word_1_27' title='bbox 734 1057 909 1149; x_wconf 75' lang='lat' dir='ltr'>Emsmi</span> <span class='ocrx_word' id='word_1_28' title='bbox 926 1076 972 1146; x_wconf 88' lang='lat' dir='ltr'>et</span> <span class='ocrx_word' id='word_1_29' title='bbox 996 1054 1160 1146; x_wconf 90' lang='lat' dir='ltr'>Perleti</span> <span class='ocrx_word' id='word_1_30' title='bbox 1177 1054 1336 1149; x_wconf 90' lang='lat' dir='ltr'>disser-</span> 
     </span>
     <span class='ocr_line' id='line_1_6' title="bbox 268 1214 1335 1339; baseline 0.007 -33"><span class='ocrx_word' id='word_1_31' title='bbox 268 1216 477 1306; x_wconf 82' lang='lat' dir='ltr'><strong>tationes.</strong></span> <span class='ocrx_word' id='word_1_32' title='bbox 503 1216 713 1331; x_wconf 91' lang='lat' dir='ltr'>Quorum</span> <span class='ocrx_word' id='word_1_33' title='bbox 743 1216 883 1339; x_wconf 85' lang='lat' dir='ltr'>prior,</span> <span class='ocrx_word' id='word_1_34' title='bbox 906 1218 1242 1322; x_wconf 79' lang='lat' dir='ltr'>renascentium</span> <span class='ocrx_word' id='word_1_35' title='bbox 1260 1214 1335 1312; x_wconf 87' lang='lat' dir='ltr'>lit-</span> 
     </span>
     <span class='ocr_line' id='line_1_7' title="bbox 266 1372 1338 1498; baseline -0.006 -32"><span class='ocrx_word' id='word_1_36' title='bbox 266 1389 469 1466; x_wconf 88' lang='lat' dir='ltr'>terarum</span> <span class='ocrx_word' id='word_1_37' title='bbox 482 1373 609 1498; x_wconf 87' lang='lat' dir='ltr'>ignes</span> <span class='ocrx_word' id='word_1_38' title='bbox 620 1375 791 1496; x_wconf 92' lang='lat' dir='ltr'>sopitos</span> <span class='ocrx_word' id='word_1_39' title='bbox 802 1372 913 1480; x_wconf 89' lang='lat' dir='ltr'>dum</span> <span class='ocrx_word' id='word_1_40' title='bbox 924 1376 1215 1476; x_wconf 83' lang='lat' dir='ltr'>exsuscitaret</span> <span class='ocrx_word' id='word_1_41' title='bbox 1228 1393 1338 1462; x_wconf 89' lang='lat' dir='ltr'>tem-</span> 
     </span>
     <span class='ocr_line' id='line_1_8' title="bbox 270 1529 1338 1661; baseline 0 -39"><span class='ocrx_word' id='word_1_42' title='bbox 270 1529 460 1654; x_wconf 86' lang='lat' dir='ltr'>poribus</span> <span class='ocrx_word' id='word_1_43' title='bbox 491 1532 641 1625; x_wconf 87' lang='lat' dir='ltr'>adhuc</span> <span class='ocrx_word' id='word_1_44' title='bbox 674 1532 903 1650; x_wconf 86' lang='lat' dir='ltr'>barbaris,</span> <span class='ocrx_word' id='word_1_45' title='bbox 928 1537 1059 1661; x_wconf 85' lang='lat' dir='ltr'>quasi</span> <span class='ocrx_word' id='word_1_46' title='bbox 1087 1533 1338 1630; x_wconf 86' lang='lat' dir='ltr'>conditoris</span> 
     </span>
     <span class='ocr_line' id='line_1_9' title="bbox 271 1689 1337 1807; baseline -0.002 -25"><span class='ocrx_word' id='word_1_47' title='bbox 271 1710 318 1782; x_wconf 86' lang='lat' dir='ltr'>et</span> <span class='ocrx_word' id='word_1_48' title='bbox 339 1695 556 1782; x_wconf 89' lang='lat' dir='ltr'>creatoris</span> <span class='ocrx_word' id='word_1_49' title='bbox 575 1695 894 1791; x_wconf 88' lang='lat' dir='ltr'>auctoritatem</span> <span class='ocrx_word' id='word_1_50' title='bbox 912 1689 1081 1784; x_wconf 88' lang='lat' dir='ltr'>habere</span> <span class='ocrx_word' id='word_1_51' title='bbox 1101 1690 1255 1807; x_wconf 87' lang='lat' dir='ltr'>debet;</span> <span class='ocrx_word' id='word_1_52' title='bbox 1272 1690 1337 1780; x_wconf 91' lang='lat' dir='ltr'>al·</span> 
     </span>
     <span class='ocr_line' id='line_1_10' title="bbox 271 1853 1340 1979; baseline 0.004 -39"><span class='ocrx_word' id='word_1_53' title='bbox 271 1869 343 1940; x_wconf 92' lang='lat' dir='ltr'>ter</span> <span class='ocrx_word' id='word_1_54' title='bbox 367 1853 611 1945; x_wconf 86' lang='lat' dir='ltr'>novissime</span> <span class='ocrx_word' id='word_1_55' title='bbox 634 1857 840 1970; x_wconf 88' lang='lat' dir='ltr'>veniens,</span> <span class='ocrx_word' id='word_1_56' title='bbox 865 1876 911 1944; x_wconf 89' lang='lat' dir='ltr'>et</span> <span class='ocrx_word' id='word_1_57' title='bbox 931 1855 1182 1979; x_wconf 69' lang='lat' dir='ltr'>praesertim</span> <span class='ocrx_word' id='word_1_58' title='bbox 1196 1856 1340 1944; x_wconf 82' lang='lat' dir='ltr'>&#39;Bent-</span> 
     </span>
     <span class='ocr_line' id='line_1_11' title="bbox 270 2005 1340 2137; baseline 0.003 -42"><span class='ocrx_word' id='word_1_59' title='bbox 270 2005 346 2096; x_wconf 86' lang='lat' dir='ltr'>leii</span> <span class='ocrx_word' id='word_1_60' title='bbox 378 2040 517 2132; x_wconf 85' lang='lat' dir='ltr'>opera</span> <span class='ocrx_word' id='word_1_61' title='bbox 550 2009 711 2128; x_wconf 82' lang='lat' dir='ltr'>fretus,</span> <span class='ocrx_word' id='word_1_62' title='bbox 736 2032 1031 2137; x_wconf 82' lang='lat' dir='ltr'>repraesentat</span> <span class='ocrx_word' id='word_1_63' title='bbox 1062 2011 1256 2108; x_wconf 86' lang='lat' dir='ltr'>fideliter</span> <span class='ocrx_word' id='word_1_64' title='bbox 1282 2007 1340 2104; x_wconf 84' lang='lat' dir='ltr'>ad</span> 
     </span>
     <span class='ocr_line' id='line_1_12' title="bbox 269 2166 1341 2295; baseline -0.002 -39"><span class='ocrx_word' id='word_1_65' title='bbox 269 2199 409 2290; x_wconf 87' lang='lat' dir='ltr'>quem</span> <span class='ocrx_word' id='word_1_66' title='bbox 432 2167 626 2295; x_wconf 85' lang='lat' dir='ltr'>gradum</span> <span class='ocrx_word' id='word_1_67' title='bbox 659 2172 783 2274; x_wconf 89' lang='lat' dir='ltr'>hisce</span> <span class='ocrx_word' id='word_1_68' title='bbox 801 2171 1034 2272; x_wconf 79' lang='lat' dir='ltr'>hodiernis</span> <span class='ocrx_word' id='word_1_69' title='bbox 1056 2166 1341 2293; x_wconf 80' lang='lat' dir='ltr'>temporibus</span> 
     </span>
     <span class='ocr_line' id='line_1_13' title="bbox 270 2327 1458 2444; baseline -0.003 -26"><span class='ocrx_word' id='word_1_70' title='bbox 270 2355 325 2418; x_wconf 81' lang='lat' dir='ltr'>ea</span> <span class='ocrx_word' id='word_1_71' title='bbox 341 2329 611 2444; x_wconf 86' lang='lat' dir='ltr'>processerit</span> <span class='ocrx_word' id='word_1_72' title='bbox 633 2329 879 2428; x_wconf 86' lang='lat' dir='ltr'>condendae</span> <span class='ocrx_word' id='word_1_73' title='bbox 898 2327 1240 2426; x_wconf 86' lang='lat' dir='ltr'>versificationis</span> <span class='ocrx_word' id='word_1_74' title='bbox 1263 2357 1343 2416; x_wconf 85' lang='lat' dir='ltr'>uo·</span> <span class='ocrx_word' id='word_1_75' title='bbox 1455 2362 1458 2375; x_wconf 65' lang='grc'><em>’</em></span> 
     </span>
     <span class='ocr_line' id='line_1_14' title="bbox 274 2481 1344 2612; baseline 0.005 -44"><span class='ocrx_word' id='word_1_76' title='bbox 274 2481 390 2594; x_wconf 84' lang='lat' dir='ltr'>titia3</span> <span class='ocrx_word' id='word_1_77' title='bbox 407 2500 452 2570; x_wconf 86' lang='lat' dir='ltr'>ct</span> <span class='ocrx_word' id='word_1_78' title='bbox 469 2483 532 2572; x_wconf 86' lang='lat' dir='ltr'>ita</span> <span class='ocrx_word' id='word_1_79' title='bbox 547 2489 782 2607; x_wconf 88' lang='lat' dir='ltr'>potuimus</span> <span class='ocrx_word' id='word_1_80' title='bbox 801 2491 1011 2580; x_wconf 88' lang='lat' dir='ltr'>omittere</span> <span class='ocrx_word' id='word_1_81' title='bbox 1028 2488 1228 2612; x_wconf 90' lang='lat' dir='ltr'>reliquos</span> <span class='ocrx_word' id='word_1_82' title='bbox 1245 2516 1344 2574; x_wconf 89' lang='lat' dir='ltr'>om·</span> 
     </span>
     <span class='ocr_line' id='line_1_15' title="bbox 273 2643 1308 2767; baseline 0.001 -37"><span class='ocrx_word' id='word_1_83' title='bbox 273 2674 353 2733; x_wconf 89' lang='lat' dir='ltr'>nes</span> <span class='ocrx_word' id='word_1_84' title='bbox 372 2645 452 2767; x_wconf 86' lang='lat' dir='ltr'>qui</span> <span class='ocrx_word' id='word_1_85' title='bbox 469 2646 764 2766; x_wconf 88' lang='lat' dir='ltr'>reperiuntur</span> <span class='ocrx_word' id='word_1_86' title='bbox 777 2643 834 2734; x_wconf 92' lang='lat' dir='ltr'>de</span> <span class='ocrx_word' id='word_1_87' title='bbox 850 2647 1009 2736; x_wconf 86' lang='lat' dir='ltr'>metris</span> <span class='ocrx_word' id='word_1_88' title='bbox 1027 2643 1308 2735; x_wconf 87' lang='lat' dir='ltr'>disserentes.</span> 
     </span>
    </p>
   </div>
   <div class='ocr_carea' id='block_1_4' title="bbox 274 2799 1344 3081">
    <p class='ocr_par' dir='ltr' id='par_1_4' title="bbox 274 2799 1344 3081">
     <span class='ocr_line' id='line_1_16' title="bbox 334 2799 1344 2931; baseline -0.001 -40"><span class='ocrx_word' id='word_1_89' title='bbox 334 2804 399 2892; x_wconf 91' lang='lat' dir='ltr'>Ea</span> <span class='ocrx_word' id='word_1_90' title='bbox 423 2823 551 2917; x_wconf 81' lang='lat' dir='ltr'>sunt,</span> <span class='ocrx_word' id='word_1_91' title='bbox 575 2802 721 2892; x_wconf 87' lang='lat' dir='ltr'>lector</span> <span class='ocrx_word' id='word_1_92' title='bbox 737 2802 975 2919; x_wconf 83' lang='lat' dir='ltr'>benevole,</span> <span class='ocrx_word' id='word_1_93' title='bbox 996 2836 1097 2931; x_wconf 72' lang='lat' dir='ltr'>quae,</span> <span class='ocrx_word' id='word_1_94' title='bbox 1121 2823 1168 2892; x_wconf 89' lang='lat' dir='ltr'>te</span> <span class='ocrx_word' id='word_1_95' title='bbox 1188 2799 1344 2893; x_wconf 90' lang='lat' dir='ltr'>admo·</span> 
     </span>
     <span class='ocr_line' id='line_1_17' title="bbox 274 2957 1344 3081; baseline -0.001 -37"><span class='ocrx_word' id='word_1_96' title='bbox 274 2957 427 3044; x_wconf 90' lang='lat' dir='ltr'>nitum</span> <span class='ocrx_word' id='word_1_97' title='bbox 444 2957 673 3048; x_wconf 86' lang='lat' dir='ltr'>voluimus</span> <span class='ocrx_word' id='word_1_98' title='bbox 691 2957 747 3046; x_wconf 90' lang='lat' dir='ltr'>de</span> <span class='ocrx_word' id='word_1_99' title='bbox 761 2961 896 3048; x_wconf 88' lang='lat' dir='ltr'>variis</span> <span class='ocrx_word' id='word_1_100' title='bbox 913 2959 1088 3062; x_wconf 80' lang='lat' dir='ltr'>auxiliis</span> <span class='ocrx_word' id='word_1_101' title='bbox 1108 2989 1208 3081; x_wconf 86' lang='lat' dir='ltr'>quae</span> <span class='ocrx_word' id='word_1_102' title='bbox 1224 2957 1344 3046; x_wconf 87' lang='lat' dir='ltr'>eirca</span> 
     </span>
    </p>
   </div>
   <div class='ocr_carea' id='block_1_5' title="bbox 187 3111 1350 3870">
    <p class='ocr_par' dir='ltr' id='par_1_5' title="bbox 187 3111 1350 3870">
     <span class='ocr_line' id='line_1_18' title="bbox 272 3111 1346 3240; baseline -0.005 -33"><span class='ocrx_word' id='word_1_103' title='bbox 272 3145 357 3207; x_wconf 87' lang='lat' dir='ltr'>nos</span> <span class='ocrx_word' id='word_1_104' title='bbox 381 3117 626 3240; x_wconf 87' lang='lat' dir='ltr'>coegimus.</span> <span class='ocrx_word' id='word_1_105' title='bbox 647 3119 805 3208; x_wconf 86' lang='lat' dir='ltr'>Restat</span> <span class='ocrx_word' id='word_1_106' title='bbox 822 3137 877 3206; x_wconf 89' lang='lat' dir='ltr'>ut</span> <span class='ocrx_word' id='word_1_107' title='bbox 893 3114 1109 3206; x_wconf 85' lang='lat' dir='ltr'>decernas</span> <span class='ocrx_word' id='word_1_108' title='bbox 1129 3146 1270 3240; x_wconf 88' lang='lat' dir='ltr'>quam</span> <span class='ocrx_word' id='word_1_109' title='bbox 1292 3111 1346 3202; x_wconf 81' lang='lat' dir='ltr'>se</span> 
     </span>
     <span class='ocr_line' id='line_1_19' title="bbox 273 3268 1346 3385; baseline 0 -25"><span class='ocrx_word' id='word_1_110' title='bbox 273 3273 421 3364; x_wconf 90' lang='lat' dir='ltr'>liciter</span> <span class='ocrx_word' id='word_1_111' title='bbox 435 3271 657 3362; x_wconf 88' lang='lat' dir='ltr'>fuerimus</span> <span class='ocrx_word' id='word_1_112' title='bbox 676 3272 762 3364; x_wconf 89' lang='lat' dir='ltr'>hae</span> <span class='ocrx_word' id='word_1_113' title='bbox 781 3293 909 3364; x_wconf 88' lang='lat' dir='ltr'>tanta</span> <span class='ocrx_word' id='word_1_114' title='bbox 925 3272 1136 3364; x_wconf 87' lang='lat' dir='ltr'>ubertate</span> <span class='ocrx_word' id='word_1_115' title='bbox 1154 3273 1246 3385; x_wconf 82' lang='lat' dir='ltr'>usi3</span> <span class='ocrx_word' id='word_1_116' title='bbox 1267 3268 1346 3372; x_wconf 87' lang='lat' dir='ltr'>sed</span> 
     </span>
     <span class='ocr_line' id='line_1_20' title="bbox 187 3427 1347 3555; baseline -0.001 -35"><span class='ocrx_word' id='word_1_117' title='bbox 187 3537 192 3552; x_wconf 75' lang='lat'>.</span> <span class='ocrx_word' id='word_1_118' title='bbox 276 3430 438 3520; x_wconf 90' lang='lat' dir='ltr'>saltem</span> <span class='ocrx_word' id='word_1_119' title='bbox 458 3464 639 3555; x_wconf 86' lang='lat' dir='ltr'>sperare</span> <span class='ocrx_word' id='word_1_120' title='bbox 661 3431 795 3523; x_wconf 87' lang='lat' dir='ltr'>liceat</span> <span class='ocrx_word' id='word_1_121' title='bbox 818 3429 917 3522; x_wconf 81' lang='lat' dir='ltr'>fore</span> <span class='ocrx_word' id='word_1_122' title='bbox 938 3452 1014 3548; x_wconf 78' lang='lat' dir='ltr'>ut,</span> <span class='ocrx_word' id='word_1_123' title='bbox 1034 3434 1070 3535; x_wconf 91' lang='lat' dir='ltr'>si</span> <span class='ocrx_word' id='word_1_124' title='bbox 1094 3427 1347 3553; x_wconf 83' lang='lat' dir='ltr'>perfectam</span> 
     </span>
     <span class='ocr_line' id='line_1_21' title="bbox 279 3588 1350 3717; baseline -0.002 -41"><span class='ocrx_word' id='word_1_125' title='bbox 279 3589 471 3685; x_wconf 86' lang='lat' dir='ltr'>omnino</span> <span class='ocrx_word' id='word_1_126' title='bbox 500 3609 647 3678; x_wconf 87' lang='lat' dir='ltr'>artem</span> <span class='ocrx_word' id='word_1_127' title='bbox 678 3588 753 3678; x_wconf 93' lang='lat' dir='ltr'>hic</span> <span class='ocrx_word' id='word_1_128' title='bbox 776 3591 1003 3713; x_wconf 85' lang='lat' dir='ltr'>requiras,</span> <span class='ocrx_word' id='word_1_129' title='bbox 1032 3589 1263 3717; x_wconf 85' lang='lat' dir='ltr'>egregiam</span> <span class='ocrx_word' id='word_1_130' title='bbox 1284 3607 1350 3675; x_wconf 90' lang='lat' dir='ltr'>ta-</span> 
     </span>
     <span class='ocr_line' id='line_1_22' title="bbox 279 3745 1350 3870; baseline 0 -36"><span class='ocrx_word' id='word_1_131' title='bbox 279 3777 388 3836; x_wconf 85' lang='lat' dir='ltr'>men</span> <span class='ocrx_word' id='word_1_132' title='bbox 412 3765 535 3835; x_wconf 87' lang='lat' dir='ltr'>recte</span> <span class='ocrx_word' id='word_1_133' title='bbox 557 3745 752 3838; x_wconf 86' lang='lat' dir='ltr'>faciendi</span> <span class='ocrx_word' id='word_1_134' title='bbox 770 3747 1058 3841; x_wconf 87' lang='lat' dir='ltr'>voluntatem</span> <span class='ocrx_word' id='word_1_135' title='bbox 1075 3749 1187 3838; x_wconf 86' lang='lat' dir='ltr'>velis</span> <span class='ocrx_word' id='word_1_136' title='bbox 1213 3775 1350 3870; x_wconf 87' lang='lat' dir='ltr'>agno·</span> 
     </span>
    </p>
   </div>
   <div class='ocr_carea' id='block_1_6' title="bbox 254 3904 1347 4184">
    <p class='ocr_par' dir='ltr' id='par_1_6' title="bbox 254 3904 1347 4184">
     <span class='ocr_line' id='line_1_23' title="bbox 254 3904 1347 4020; baseline -0.002 -25"><span class='ocrx_word' id='word_1_137' title='bbox 254 3938 416 4020; x_wconf 75' lang='lat' dir='ltr'>scere.</span> <span class='ocrx_word' id='word_1_138' title='bbox 478 3904 744 4001; x_wconf 80' lang='lat' dir='ltr'>scribebam</span> <span class='ocrx_word' id='word_1_139' title='bbox 796 3909 984 4014; x_wconf 82' lang='lat' dir='ltr'>Lutetiae</span> <span class='ocrx_word' id='word_1_140' title='bbox 1039 3906 1347 4016; x_wconf 80' lang='lat' dir='ltr'>Parisiorum,</span> 
     </span>
     <span class='ocr_line' id='line_1_24' title="bbox 277 4063 1282 4184; baseline 0 -34"><span class='ocrx_word' id='word_1_141' title='bbox 277 4065 434 4154; x_wconf 90' lang='lat' dir='ltr'>Mense</span> <span class='ocrx_word' id='word_1_142' title='bbox 458 4065 652 4180; x_wconf 87' lang='lat' dir='ltr'>Martio,</span> <span class='ocrx_word' id='word_1_143' title='bbox 681 4065 809 4184; x_wconf 78' lang='lat'>1827.</span> <span class='ocrx_word' id='word_1_144' title='bbox 1018 4120 1022 4132; x_wconf 43' lang='grc' dir='ltr'><strong><em>ι</em></strong></span> <span class='ocrx_word' id='word_1_145' title='bbox 1080 4067 1134 4154; x_wconf 92' lang='lat' dir='ltr'>N.</span> <span class='ocrx_word' id='word_1_146' title='bbox 1158 4065 1207 4152; x_wconf 87' lang='lat' dir='ltr'>E.</span> <span class='ocrx_word' id='word_1_147' title='bbox 1233 4063 1282 4150; x_wconf 91' lang='lat' dir='ltr'>L.</span> 
     </span>
    </p>
   </div>
   <div class='ocr_carea' id='block_1_7' title="bbox 0 0 1511 4866">
    <p class='ocr_par' dir='ltr' id='par_1_7' title="bbox 0 0 1511 4866">
     <span class='ocr_line' id='line_1_25' title="bbox 0 0 1511 4866; baseline 0 0"><span class='ocrx_word' id='word_1_148' title='bbox 0 0 1511 4866; x_wconf 95' lang='lat' dir='ltr'> </span> 
     </span>
    </p>
   </div>
  </div>
 </body>
</html>
