3026 4862
419 359 607 428 HEAUT.
635 359 748 429 ACT.
777 360 823 444 V,
850 360 918 430 SC.
948 361 973 428 1.

153 498 203 564 Ne
217 519 319 590 quam
336 491 436 560 aliam
451 505 578 586 quaerat
595 491 741 585 copiam,
760 513 799 558 ac
817 504 851 559 te
868 490 1008 561 deserat.

154 603 245 673 Can.
269 605 378 670 Immo
397 599 495 666 abeat
514 597 620 667 multo
642 597 731 667 malo
752 598 870 691 quovis
892 600 1061 692 gentium.

154 709 265 798 Quam
284 708 338 777 hic
356 730 417 802 per
436 705 598 799 flagitium
616 703 659 772 ad
677 705 825 798 inopiam
840 703 970 799 redigat
987 722 1128 801 patrem.
1187 736 1227 788 ,³0

153 816 241 885 Nam
263 815 290 884 si
308 812 395 882 illius
413 835 517 907 pergo
535 810 747 906 suppeditare
770 812 973 906 sumptibus,

154 920 367 1004 Menedeme‚
383 917 466 988 nubi
480 915 547 986 illic
560 941 639 986 vere
654 917 698 986 ad
713 931 837 987 rastros
855 942 908 987 res
922 917 1017 988 redit.

154 1029 250 1097 Mun.
267 1028 361 1117 Quot
374 1023 662 1096 incommoditates
678 1025 712 1092 iu
725 1023 790 1094 hac
804 1048 840 1092 rc
855 1025 1016 1120 accipies,
1032 1027 1096 1096 nisi
1110 1027 1223 1100 caves!

154 1133 336 1204 Difficilem
356 1129 511 1202 ostendes
529 1145 563 1200 te
581 1154 668 1214 esse,
686 1144 720 1199 et
734 1132 884 1224 ignosces
900 1146 1013 1201 tamen

152 1243 253 1325 Post,
280 1254 314 1309 et
341 1237 375 1308 id
401 1241 578 1334 ingratum.
602 1240 692 1306 Cfln.
727 1233 798 1306 lh!
822 1241 927 1308 nescis
954 1263 1053 1333 quam
1081 1239 1223 1312 doleam.

314 1348 410 1417 Meu.
434 1347 485 1416 Ut
505 1342 608 1413 lubet·
1187 1380 1227 1433 ,³⁵

152 1452 245 1541 Quid
262 1453 345 1538 hoc,
361 1450 452 1547 quod
470 1448 564 1538 volo,
577 1463 616 1519 ut
632 1447 686 1518 illa
702 1450 808 1519 nubat
824 1451 962 1521 nostro?
975 1454 1049 1524 Nisi
1064 1456 1144 1552 quid
1158 1471 1223 1542 est,

152 1559 253 1649 Quod
272 1560 388 1628 mavis.
407 1560 498 1628 Can.
516 1558 628 1626 Immo
647 1571 681 1626 et
699 1581 801 1651 gener
822 1573 857 1627 et
876 1559 1003 1630 adfines
1024 1560 1166 1657 placent.

195 1801 260 1868 928.
277 1800 394 1870 copiam,
409 1795 521 1851 modum
532 1795 669 1850 invenien·
713 1807 799 1848 tamen.
809 1795 1006 1865 *Difficilem
1017 1819 1141 1872 aspesum
1150 1842 1159 1868 ,
1168 1823 1228 1858 mo.

154 1877 336 1951 depecuniae.
710 1893 811 1930 rosum.
822 1876 973 1939 -Tamenf
984 1896 1043 1950 qun
1058 1894 1106 1935 tua
1117 1883 1167 1935 erit
1175 1903 1222 1954 pa.

194 1978 262 2030 9²9·
278 1960 368 2011 Multo.
379 1957 532 2028 Aliipou'us,
545 1973 597 2026 pro
608 1955 668 2006 mul·
711 1967 785 2007 terna
796 1952 973 2026 indulgentia,
984 1957 1082 2012 invitm
1094 1961 1221 2030 ignosces.

154 2051 187 2091 to.
202 2040 257 2092 Alii
270 2052 431 2109 utrumque,
444 2037 519 2088 multo
528 2037 617 2106 petitu.
627 2063 667 2074 -
752 2032 815 2103 935.
831 2033 901 2088 Post.
915 2035 968 2090 Alii
982 2038 1129 2104 collocant,
1143 2054 1168 2090 et
1185 2053 1222 2095 ta-

153 2119 245 2182 Immo,
268 2118 334 2190 quin
352 2115 455 2188 potine,
471 2113 571 2168 nedum
587 2123 666 2166 tuum
710 2132 763 2165 men
774 2126 832 2184 post
844 2118 959 2185 ignosces.
972 2118 1061 2171 -ld.
1075 2117 1162 2173 Addit
1170 2122 1221 2176 Ma.

153 2217 248 2270 sequar
267 2197 418 2252 consilium.
432 2225 473 2238 -
488 2194 570 2247 Multo
593 2194 666 2246 malo.
710 2193 769 2248 Par.
787 2195 832 2247 tibi
845 2199 899 2248 erit.
919 2196 1042 2250 Gloaaam
1060 2199 1137 2268 sapit.
1153 2201 1221 2256 Perl.

154 2278 245 2351 Longe
253 2279 335 2348 magis
343 2276 603 2348 antepono-Quouis
609 2293 669 2345 gen·
709 2303 750 2317 -
764 2275 846 2345 Quam
860 2275 963 2329 doleam.
978 2275 1031 2330 Alii
1046 2279 1107 2350 quid
1118 2279 1221 2337 doleam.

154 2361 220 2414 εἰωη.
228 2360 260 2412 In
273 2357 393 2431 quamvis
407 2368 539 2408 terrarum
552 2367 664 2425 purtem.
709 2354 832 2418 —Post,
850 2369 949 2425 postea.
957 2357 1035 2410 -Et
1047 2357 1223 2429 id,iugmtum.

194 2439 261 2508 930.
277 2440 344 2498 Hie.
359 2435 431 2509 apud
449 2435 665 2504 ine—Perfla·
712 2433 755 2488 Sc.
771 2448 829 2489 tum
849 2436 907 2490 erit.
925 2435 959 2490 Id
981 2448 1033 2496 est,
1048 2439 1151 2494 nullam
1169 2441 1219 2495 tibi

152 2522 253 2588 gitium,
267 2516 483 2591 perflagitiosum
496 2515 645 2568 libidinem.
708 2513 783 2585 apud
809 2515 896 2569 tilium
917 2517 1028 2588 gratiam
1054 2520 1222 2587 conciliabit,

194 2600 262 2667 931.
276 2599 343 2653 Nam
354 2602 378 2650 si
392 2596 464 2649 illim.
483 2594 528 2648 Sic
537 2593 593 2648 duo
604 2592 664 2647 cod.
709 2611 795 2665 quum
805 2593 908 2650 videbit
916 2609 942 2650 te
952 2617 1009 2650 non
1020 2600 1164 2664 volentem,
1175 2602 1222 2656 sed

153 2680 239 2734 Beutl.
254 2681 287 2732 In
299 2679 414 2750 antiquis
425 2677 476 2742 illi,
486 2673 560 2748 quod
569 2675 664 2746 explic.
709 2673 839 2740 invitum,
866 2688 894 2729 et
912 2677 1017 2748 paterni
1041 2679 1125 2732 animi
1152 2683 1223 2734 mol·

153 2761 260 2812 illin—
276 2761 365 2830 Pergo.
379 2757 440 2811 Lib.
452 2757 545 2810 Bemb.
553 2773 664 2828 pergam.
708 2753 764 2807 litie
774 2752 909 2810 devictum
925 2757 1070 2827 ignoscere.
1086 2789 1126 2800 -
1143 2760 1222 2815 Utlu-

154 2837 357 2908 -Sumpu'bus,
372 2837 505 2910 impensis.
710 2834 756 2887 bet.
771 2834 867 2888 Doleas
879 2851 1099 2909 ergo,quantnm
1111 2838 1223 2895 libuerit

195 2917 261 2981 932.
275 2917 340 2968 Illic.
352 2917 433 2987 vulg.
456 2918 527 2970 illac.
541 2915 664 2970 -Vern
709 2913 766 2967 tibi.
790 2915 854 2968 Hac
874 2934 983 2988 quoque
1002 2916 1165 2989 respondent
1178 2941 1222 2974 su-

155 2993 198 3047 sic
211 2993 242 3047 C.
257 2993 291 3046 G.
307 3013 344 3045 m.
361 3011 424 3046 eum
438 2997 498 3048 Hal.
512 2997 582 3061 Alii,
596 3015 664 3049 vem.
708 2993 879 3066 perietibus,
895 2999 966 3060 166,
979 3015 1019 3068 eq.
1042 2999 1111 3052 Can.
1127 3000 1220 3054 Siccine

155 3074 275 3136 -1111'0,
290 3074 322 3126 ln
334 3071 380 3125 tali
392 3069 665 3128 rennuentem-Ve-
708 3086 745 3126 εστ
760 3078 886 3128 sententia.
902 3075 978 3130 Mu.
998 3076 1050 3130 Sic.
1068 3083 1136 3132 cna.
1154 3081 1221 3134 Beue

155 3154 340 3207 conduceres
360 3171 397 3202 res
414 3151 485 3205 mdit.
506 3152 610 3207 Alludit
630 3153 665 3208 nd
708 3154 774 3206 nale.
789 3154 931 3208 Bmclems.

154 3235 251 3289 rmtim
266 3229 432 3294 Menedemi,
445 3243 494 3285 act.
511 3232 541 3295 I,
556 3251 627 3287 scen.
638 3253 662 3298 ις
750 3235 815 3301 936.
825 3235 895 3304 Quid
901 3236 953 3290 boo.
963 3236 1114 3303 Goveanus,
1121 3239 1220 3308 Guyet.

155 3327 182 3368 et
197 3315 345 3388 emphatice
356 3331 363 3365 :
373 3310 444 3365 Mihi
452 3311 521 3364 illoc
532 3330 595 3364 vere
610 3331 665 3382 prae
709 3325 736 3366 et
748 3325 809 3383 post
822 3331 868 3367 eos
879 3315 960 3370 Both.
974 3317 1102 3370 omittunt
1113 3319 1166 3371 boc.
1179 3351 1221 3361 -

155 3395 246 3466 inopia
260 3393 295 3448 ad
309 3388 552 3456 rastrosresredit,
562 3409 617 3444 non
634 3405 665 3446 ut
711 3392 788 3462 Quod
793 3393 861 3448 volo.
872 3395 923 3448 Alii
933 3396 1000 3467 quod
1005 3415 1120 3466 νομ-
1130 3399 1219 3451 Utilia

155 3475 206 3528 tibi
217 3474 299 3528 modo
316 3473 449 3528 obstinato
462 3469 564 3524 dolone.
586 3471 663 3524 Fam.
709 3471 794 3524 nubat.
811 3472 926 3527 ordinat
938 3475 1017 3528 Both.
1031 3476 1076 3528 itta
1092 3488 1120 3528 ut
1132 3478 1217 3534 nubat.

196 3550 663 3623 933.1n.·0m0duee0.‹.1npar.me.
708 3583 750 3596 -
771 3551 841 3623 Quid
861 3553 915 3607 boe.
936 3553 1054 3626 Supple,
1073 3558 1152 3627 quale
1171 3559 1219 3613 tibi

155 3636 313 3688 incommoda.
326 3634 414 3688 Beutl.
431 3631 507 3703 Quod
516 3633 664 3684 incommodi.
709 3631 824 3686 videtur.
838 3665 879 3676 —
893 3633 1000 3700 Nasum,
1016 3653 1076 3689 meo
1095 3637 1161 3690 lilio.
1178 3671 1219 3682 -

155 3745 195 3756 —
208 3714 331 3785 Accipiam
350 3713 446 3785 Calph.
462 3713 514 3783 leg.
526 3716 612 3782 capies.
625 3743 665 3752 -
710 3713 768 3765 Nisi
777 3713 838 3783 quid
850 3724 894 3766 est.
904 3714 954 3767 Dic
967 3713 1032 3767 mihi
1046 3735 1080 3769 an
1090 3716 1158 3771 illud
1168 3718 1217 3770 tibi

154 3795 242 3846 Iubeo
257 3815 291 3848 re.
304 3796 336 3847 ln
351 3790 518 3864 exsequendo
537 3792 584 3846 nli
601 3810 666 3846 con·
709 3791 1219 3864 placeat,nisiquidaliudsitcomilium

154 3873 223 3927 silio.
710 3871 785 3943 quod
795 3885 937 3944 praeoptet.

195 3952 665 4022 93d.Osteudcs.Alilosteudis.Both.
752 3953 911 4024 937001101}
929 3957 1010 4008 mavis.
1024 3955 1069 4008 Br.
1083 3969 1135 4010 vet.
1155 3958 1220 4013 cod.

156 4033 220 4106 legit
234 4036 270 4088 D.
291 4034 398 4088 ostendes
412 4046 436 4086 te
456 4048 482 4086 et
493 4039 599 4106 &nosces
611 4046 668 4104 post
711 4031 790 4087 Liud.
800 4032 889 4088 Guelt.
908 4057 931 4100 1,
945 4055 975 4101 a,
987 4033 1017 4102 33
1029 4036 1108 4092 Both.
1124 4039 1224 4112 Delph.
