<?xml version="1.0" encoding="UTF-8"?>
<!DOCTYPE html PUBLIC "-//W3C//DTD XHTML 1.0 Transitional//EN"
    "http://www.w3.org/TR/xhtml1/DTD/xhtml1-transitional.dtd">
<html xmlns="http://www.w3.org/1999/xhtml" xml:lang="en" lang="en">
 <head>
  <title>
</title>
<meta http-equiv="Content-Type" content="text/html;charset=utf-8" />
  <meta name='ocr-system' content='tesseract 3.04.00' />
  <meta name='ocr-capabilities' content='ocr_page ocr_carea ocr_par ocr_line ocrx_word'/>
</head>
<body>
  <div class='ocr_page' id='page_1' title='image "./publiiterentiia04lemagoog_0092.png"; bbox 0 0 2890 4866; ppageno 0'>
   <div class='ocr_carea' id='block_1_1' title="bbox 286 381 1002 462">
    <p class='ocr_par' dir='ltr' id='par_1_1' title="bbox 286 381 1002 462">
     <span class='ocr_line' id='line_1_1' title="bbox 286 381 1002 462; baseline -0.008 -1"><span class='ocrx_word' id='word_1_1' title='bbox 286 411 401 462; x_wconf 74' lang='lat' dir='ltr'><strong>cxxxu</strong></span> <span class='ocrx_word' id='word_1_2' title='bbox 644 387 715 456; x_wconf 87' lang='lat' dir='ltr'><strong>DE</strong></span> <span class='ocrx_word' id='word_1_3' title='bbox 741 381 1002 456; x_wconf 63' lang='lat' dir='ltr'><strong>THEATRO&#39;.</strong></span> 
     </span>
    </p>
   </div>
   <div class='ocr_carea' id='block_1_2' title="bbox 269 505 1373 2681">
    <p class='ocr_par' dir='ltr' id='par_1_2' title="bbox 269 505 1373 2681">
     <span class='ocr_line' id='line_1_2' title="bbox 284 505 1373 606; baseline -0.003 -24"><span class='ocrx_word' id='word_1_4' title='bbox 284 511 388 582; x_wconf 86' lang='lat' dir='ltr'><strong>solem</strong></span> <span class='ocrx_word' id='word_1_5' title='bbox 407 509 634 582; x_wconf 81' lang='lat' dir='ltr'><strong>defenderent.</strong></span> <span class='ocrx_word' id='word_1_6' title='bbox 653 513 726 580; x_wconf 85' lang='lat' dir='ltr'><strong>Ima</strong></span> <span class='ocrx_word' id='word_1_7' title='bbox 737 507 874 579; x_wconf 84' lang='lat' dir='ltr'><strong>Theatri</strong></span> <span class='ocrx_word' id='word_1_8' title='bbox 894 507 1005 596; x_wconf 84' lang='lat' dir='ltr'><strong>sedes,</strong></span> <span class='ocrx_word' id='word_1_9' title='bbox 1021 505 1073 578; x_wconf 87' lang='lat' dir='ltr'><strong>vel</strong></span> <span class='ocrx_word' id='word_1_10' title='bbox 1090 509 1202 604; x_wconf 91' lang='lat' dir='ltr'><strong>potius</strong></span> <span class='ocrx_word' id='word_1_11' title='bbox 1223 509 1259 579; x_wconf 88' lang='lat' dir='ltr'><strong>id</strong></span> <span class='ocrx_word' id='word_1_12' title='bbox 1277 535 1373 606; x_wconf 79' lang='lat' dir='ltr'><strong>spa·</strong></span> 
     </span>
     <span class='ocr_line' id='line_1_3' title="bbox 282 617 1372 716; baseline -0.001 -25"><span class='ocrx_word' id='word_1_13' title='bbox 282 622 368 692; x_wconf 90' lang='lat' dir='ltr'><strong>tium</strong></span> <span class='ocrx_word' id='word_1_14' title='bbox 388 621 481 716; x_wconf 89' lang='lat' dir='ltr'><strong>quod</strong></span> <span class='ocrx_word' id='word_1_15' title='bbox 497 621 539 690; x_wconf 88' lang='lat' dir='ltr'><strong>ab</strong></span> <span class='ocrx_word' id='word_1_16' title='bbox 557 621 624 690; x_wconf 87' lang='lat' dir='ltr'><strong>ima</strong></span> <span class='ocrx_word' id='word_1_17' title='bbox 641 619 718 690; x_wconf 89' lang='lat' dir='ltr'><strong>sede</strong></span> <span class='ocrx_word' id='word_1_18' title='bbox 731 617 869 689; x_wconf 86' lang='lat' dir='ltr'><strong>Theatri</strong></span> <span class='ocrx_word' id='word_1_19' title='bbox 888 617 1106 712; x_wconf 86' lang='lat' dir='ltr'><strong>interjacebat</strong></span> <span class='ocrx_word' id='word_1_20' title='bbox 1119 618 1270 716; x_wconf 91' lang='lat' dir='ltr'><strong>pulpito,</strong></span> <span class='ocrx_word' id='word_1_21' title='bbox 1285 627 1372 693; x_wconf 87' lang='lat'>01·-</span> 
     </span>
     <span class='ocr_line' id='line_1_4' title="bbox 280 727 1369 828; baseline 0.001 -26"><span class='ocrx_word' id='word_1_22' title='bbox 280 731 413 802; x_wconf 86' lang='lat' dir='ltr'><strong>chestra</strong></span> <span class='ocrx_word' id='word_1_23' title='bbox 437 729 629 818; x_wconf 85' lang='lat' dir='ltr'><strong>dicebatur,</strong></span> <span class='ocrx_word' id='word_1_24' title='bbox 654 729 750 825; x_wconf 80' lang='lat' dir='ltr'>quasi</span> <span class='ocrx_word' id='word_1_25' title='bbox 774 727 1000 819; x_wconf 83' lang='lat' dir='ltr'><strong>saltatorium,</strong></span> <span class='ocrx_word' id='word_1_26' title='bbox 1029 730 1122 825; x_wconf 89' lang='lat' dir='ltr'><strong>quod</strong></span> <span class='ocrx_word' id='word_1_27' title='bbox 1149 731 1239 818; x_wconf 90' lang='lat' dir='ltr'><strong>illic,</strong></span> <span class='ocrx_word' id='word_1_28' title='bbox 1261 733 1369 828; x_wconf 86' lang='lat' dir='ltr'><strong>apud</strong></span> 
     </span>
     <span class='ocr_line' id='line_1_5' title="bbox 283 839 1370 938; baseline 0.002 -24"><span class='ocrx_word' id='word_1_29' title='bbox 283 845 420 914; x_wconf 75' lang='lat' dir='ltr'><strong>Grecos</strong></span> <span class='ocrx_word' id='word_1_30' title='bbox 438 857 472 913; x_wconf 91' lang='lat' dir='ltr'><strong>et</strong></span> <span class='ocrx_word' id='word_1_31' title='bbox 489 841 579 938; x_wconf 87' lang='lat' dir='ltr'><strong>apud</strong></span> <span class='ocrx_word' id='word_1_32' title='bbox 597 841 736 912; x_wconf 81' lang='lat' dir='ltr'><strong>latinos</strong></span> <span class='ocrx_word' id='word_1_33' title='bbox 753 839 978 934; x_wconf 80' lang='lat' dir='ltr'><strong>antiquiores,</strong></span> <span class='ocrx_word' id='word_1_34' title='bbox 995 839 1155 912; x_wconf 81' lang='lat' dir='ltr'><strong>saltantes</strong></span> <span class='ocrx_word' id='word_1_35' title='bbox 1174 841 1370 916; x_wconf 83' lang='lat' dir='ltr'><strong>histriones</strong></span> 
     </span>
     <span class='ocr_line' id='line_1_6' title="bbox 281 949 1369 1048; baseline 0.003 -27"><span class='ocrx_word' id='word_1_36' title='bbox 281 952 410 1048; x_wconf 91' lang='lat' dir='ltr'><strong>populo</strong></span> <span class='ocrx_word' id='word_1_37' title='bbox 432 951 691 1023; x_wconf 88' lang='lat' dir='ltr'><strong>oblectationem</strong></span> <span class='ocrx_word' id='word_1_38' title='bbox 709 949 888 1036; x_wconf 77' lang='lat' dir='ltr'><strong>afferrent,</strong></span> <span class='ocrx_word' id='word_1_39' title='bbox 903 952 1029 1021; x_wconf 84' lang='lat' dir='ltr'><strong>interea</strong></span> <span class='ocrx_word' id='word_1_40' title='bbox 1045 950 1126 1022; x_wconf 91' lang='lat' dir='ltr'><strong>dum</strong></span> <span class='ocrx_word' id='word_1_41' title='bbox 1147 967 1241 1023; x_wconf 87' lang='lat' dir='ltr'><strong>actus</strong></span> <span class='ocrx_word' id='word_1_42' title='bbox 1260 979 1369 1024; x_wconf 90' lang='lat' dir='ltr'><strong>corn-</strong></span> 
     </span>
     <span class='ocr_line' id='line_1_7' title="bbox 280 1058 1367 1155; baseline 0.002 -23"><span class='ocrx_word' id='word_1_43' title='bbox 280 1077 504 1134; x_wconf 87' lang='lat' dir='ltr'><strong>mutarentur.</strong></span> <span class='ocrx_word' id='word_1_44' title='bbox 517 1065 558 1132; x_wconf 89' lang='lat' dir='ltr'><strong>ln</strong></span> <span class='ocrx_word' id='word_1_45' title='bbox 572 1085 647 1131; x_wconf 88' lang='lat' dir='ltr'><strong>eam</strong></span> <span class='ocrx_word' id='word_1_46' title='bbox 662 1060 760 1131; x_wconf 87' lang='lat' dir='ltr'><strong>etiam</strong></span> <span class='ocrx_word' id='word_1_47' title='bbox 771 1058 970 1155; x_wconf 78' lang='lat' dir='ltr'><strong>Thymelici,</strong></span> <span class='ocrx_word' id='word_1_48' title='bbox 986 1059 1051 1132; x_wconf 90' lang='lat' dir='ltr'><strong>hoc</strong></span> <span class='ocrx_word' id='word_1_49' title='bbox 1069 1076 1135 1150; x_wconf 89' lang='lat' dir='ltr'><strong>est,</strong></span> <span class='ocrx_word' id='word_1_50' title='bbox 1148 1062 1367 1154; x_wconf 84' lang='lat' dir='ltr'><strong>Citharistae,</strong></span> 
     </span>
     <span class='ocr_line' id='line_1_8' title="bbox 279 1169 1367 1267; baseline 0.003 -24"><span class='ocrx_word' id='word_1_51' title='bbox 279 1173 482 1262; x_wconf 87' lang='lat' dir='ltr'><strong>Citharoedi,</strong></span> <span class='ocrx_word' id='word_1_52' title='bbox 502 1172 671 1243; x_wconf 87' lang='lat' dir='ltr'><strong>Tibicines</strong></span> <span class='ocrx_word' id='word_1_53' title='bbox 685 1195 768 1242; x_wconf 78' lang='lat' dir='ltr'><strong>suas.</strong></span> <span class='ocrx_word' id='word_1_54' title='bbox 780 1169 981 1266; x_wconf 74' lang='lat' dir='ltr'><strong>praestabant</strong></span> <span class='ocrx_word' id='word_1_55' title='bbox 997 1173 1145 1242; x_wconf 86' lang='lat' dir='ltr'><strong>actiones</strong></span> <span class='ocrx_word' id='word_1_56' title='bbox 1160 1174 1240 1267; x_wconf 84' lang='lat' dir='ltr'><strong>ipsis</strong></span> <span class='ocrx_word' id='word_1_57' title='bbox 1259 1177 1367 1246; x_wconf 79' lang='lat' dir='ltr'><strong>Grae-</strong></span> 
     </span>
     <span class='ocr_line' id='line_1_9' title="bbox 278 1281 1361 1380; baseline 0.001 -26"><span class='ocrx_word' id='word_1_58' title='bbox 278 1285 347 1371; x_wconf 90' lang='lat' dir='ltr'><strong>cis,</strong></span> <span class='ocrx_word' id='word_1_59' title='bbox 369 1301 470 1379; x_wconf 87' lang='lat' dir='ltr'><strong>atque</strong></span> <span class='ocrx_word' id='word_1_60' title='bbox 500 1283 534 1354; x_wconf 92' lang='lat' dir='ltr'><strong>id</strong></span> <span class='ocrx_word' id='word_1_61' title='bbox 557 1283 702 1379; x_wconf 82' lang='lat' dir='ltr'><strong>spatium</strong></span> <span class='ocrx_word' id='word_1_62' title='bbox 728 1281 1034 1378; x_wconf 80' lang='lat' dir='ltr'><strong>comprehendebat</strong></span> <span class='ocrx_word' id='word_1_63' title='bbox 1058 1283 1149 1380; x_wconf 85' lang='lat' dir='ltr'><strong>apud</strong></span> <span class='ocrx_word' id='word_1_64' title='bbox 1173 1285 1361 1380; x_wconf 85' lang='lat' dir='ltr'><strong>antiquos,</strong></span> 
     </span>
     <span class='ocr_line' id='line_1_10' title="bbox 278 1392 1361 1490; baseline -0.001 -25"><span class='ocrx_word' id='word_1_65' title='bbox 278 1395 371 1490; x_wconf 93' lang='lat' dir='ltr'><strong>quod</strong></span> <span class='ocrx_word' id='word_1_66' title='bbox 396 1419 458 1464; x_wconf 91' lang='lat' dir='ltr'><strong>ceu</strong></span> <span class='ocrx_word' id='word_1_67' title='bbox 480 1408 634 1464; x_wconf 87' lang='lat' dir='ltr'><strong>centrum</strong></span> <span class='ocrx_word' id='word_1_68' title='bbox 656 1394 795 1463; x_wconf 86' lang='lat' dir='ltr'><strong>Theatri</strong></span> <span class='ocrx_word' id='word_1_69' title='bbox 818 1393 862 1462; x_wconf 96' lang='lat' dir='ltr'><strong>ab</strong></span> <span class='ocrx_word' id='word_1_70' title='bbox 887 1393 957 1462; x_wconf 92' lang='lat' dir='ltr'><strong>imo</strong></span> <span class='ocrx_word' id='word_1_71' title='bbox 977 1392 1084 1488; x_wconf 74' lang='lat' dir='ltr'><strong>gradu</strong></span> <span class='ocrx_word' id='word_1_72' title='bbox 1114 1393 1158 1464; x_wconf 85' lang='lat' dir='ltr'><strong>ad</strong></span> <span class='ocrx_word' id='word_1_73' title='bbox 1182 1393 1361 1490; x_wconf 82' lang='lat' dir='ltr'><strong>pulpitum</strong></span> 
     </span>
     <span class='ocr_line' id='line_1_11' title="bbox 277 1502 1362 1601; baseline 0.002 -27"><span class='ocrx_word' id='word_1_74' title='bbox 277 1529 385 1601; x_wconf 88' lang='lat' dir='ltr'><strong>usque</strong></span> <span class='ocrx_word' id='word_1_75' title='bbox 402 1529 508 1575; x_wconf 71' lang='lat' dir='ltr'><strong>scenas</strong></span> <span class='ocrx_word' id='word_1_76' title='bbox 534 1528 678 1574; x_wconf 90' lang='lat' dir='ltr'><strong>vacuum</strong></span> <span class='ocrx_word' id='word_1_77' title='bbox 701 1502 962 1600; x_wconf 85' lang='lat' dir='ltr'><strong>relinquebatur.</strong></span> <span class='ocrx_word' id='word_1_78' title='bbox 982 1507 1023 1574; x_wconf 91' lang='lat' dir='ltr'><strong>In</strong></span> <span class='ocrx_word' id='word_1_79' title='bbox 1044 1504 1268 1576; x_wconf 83' lang='lat' dir='ltr'><strong>Theatmrum</strong></span> <span class='ocrx_word' id='word_1_80' title='bbox 1291 1531 1362 1576; x_wconf 82' lang='lat' dir='ltr'><strong>or-</strong></span> 
     </span>
     <span class='ocr_line' id='line_1_12' title="bbox 276 1612 1359 1711; baseline 0.002 -26"><span class='ocrx_word' id='word_1_81' title='bbox 276 1615 417 1686; x_wconf 89' lang='lat' dir='ltr'><strong>chestris</strong></span> <span class='ocrx_word' id='word_1_82' title='bbox 437 1613 568 1710; x_wconf 91' lang='lat' dir='ltr'><strong>(inquit</strong></span> <span class='ocrx_word' id='word_1_83' title='bbox 585 1612 738 1708; x_wconf 80' lang='lat' dir='ltr'><strong>Plinius)</strong></span> <span class='ocrx_word' id='word_1_84' title='bbox 759 1613 858 1690; x_wconf 86' lang='lat' dir='ltr'><strong>scobe</strong></span> <span class='ocrx_word' id='word_1_85' title='bbox 878 1627 938 1683; x_wconf 87' lang='lat' dir='ltr'><strong>aut</strong></span> <span class='ocrx_word' id='word_1_86' title='bbox 962 1637 1064 1684; x_wconf 86' lang='lat' dir='ltr'><strong>arene</strong></span> <span class='ocrx_word' id='word_1_87' title='bbox 1084 1616 1270 1711; x_wconf 72' lang='lat' dir='ltr'><strong>superjecta</strong></span> <span class='ocrx_word' id='word_1_88' title='bbox 1286 1641 1359 1687; x_wconf 86' lang='lat' dir='ltr'><strong>vox</strong></span> 
     </span>
     <span class='ocr_line' id='line_1_13' title="bbox 275 1725 1359 1823; baseline 0.002 -27"><span class='ocrx_word' id='word_1_89' title='bbox 275 1725 472 1814; x_wconf 88' lang='lat' dir='ltr'><strong>devoratur,</strong></span> <span class='ocrx_word' id='word_1_90' title='bbox 492 1738 526 1795; x_wconf 87' lang='lat' dir='ltr'><strong>et</strong></span> <span class='ocrx_word' id='word_1_91' title='bbox 545 1726 581 1794; x_wconf 88' lang='lat' dir='ltr'><strong>in</strong></span> <span class='ocrx_word' id='word_1_92' title='bbox 603 1725 679 1794; x_wconf 91' lang='lat' dir='ltr'><strong>rudi</strong></span> <span class='ocrx_word' id='word_1_93' title='bbox 702 1725 868 1820; x_wconf 85' lang='lat' dir='ltr'><strong>parietum</strong></span> <span class='ocrx_word' id='word_1_94' title='bbox 887 1725 1128 1820; x_wconf 87' lang='lat' dir='ltr'><strong>circumjectu:</strong></span> <span class='ocrx_word' id='word_1_95' title='bbox 1143 1741 1359 1823; x_wconf 83' lang='lat' dir='ltr'><strong>quapropter</strong></span> 
     </span>
     <span class='ocr_line' id='line_1_14' title="bbox 272 1834 1357 1932; baseline 0.006 -28"><span class='ocrx_word' id='word_1_96' title='bbox 272 1836 427 1905; x_wconf 89' lang='lat' dir='ltr'><strong>existimo</strong></span> <span class='ocrx_word' id='word_1_97' title='bbox 441 1835 546 1930; x_wconf 92' lang='lat' dir='ltr'><strong>probe</strong></span> <span class='ocrx_word' id='word_1_98' title='bbox 559 1834 778 1904; x_wconf 88' lang='lat' dir='ltr'><strong>emundatum</strong></span> <span class='ocrx_word' id='word_1_99' title='bbox 793 1835 911 1924; x_wconf 83' lang='lat' dir='ltr'><strong>fuisse,</strong></span> <span class='ocrx_word' id='word_1_100' title='bbox 924 1835 951 1904; x_wconf 91' lang='lat' dir='ltr'><strong>si</strong></span> <span class='ocrx_word' id='word_1_101' title='bbox 965 1835 1102 1930; x_wconf 91' lang='lat' dir='ltr'><strong>quando</strong></span> <span class='ocrx_word' id='word_1_102' title='bbox 1116 1835 1270 1932; x_wconf 82' lang='lat' dir='ltr'><strong>pugilum</strong></span> <span class='ocrx_word' id='word_1_103' title='bbox 1284 1841 1357 1910; x_wconf 89' lang='lat' dir='ltr'><strong>Lu·</strong></span> 
     </span>
     <span class='ocr_line' id='line_1_15' title="bbox 272 1945 1354 2042; baseline 0.002 -26"><span class='ocrx_word' id='word_1_104' title='bbox 272 1945 324 2016; x_wconf 88' lang='lat' dir='ltr'><strong>dis</strong></span> <span class='ocrx_word' id='word_1_105' title='bbox 338 1971 440 2016; x_wconf 89' lang='lat' dir='ltr'><strong>arena</strong></span> <span class='ocrx_word' id='word_1_106' title='bbox 453 1971 632 2042; x_wconf 90' lang='lat' dir='ltr'><strong>conspersa</strong></span> <span class='ocrx_word' id='word_1_107' title='bbox 644 1945 828 2016; x_wconf 83' lang='lat' dir='ltr'><strong>videretur.</strong></span> <span class='ocrx_word' id='word_1_108' title='bbox 842 1945 1033 2018; x_wconf 84' lang='lat' dir='ltr'><strong>Novissime</strong></span> <span class='ocrx_word' id='word_1_109' title='bbox 1046 1961 1158 2016; x_wconf 86' lang='lat' dir='ltr'><strong>autern</strong></span> <span class='ocrx_word' id='word_1_110' title='bbox 1173 1946 1266 2041; x_wconf 87' lang='lat' dir='ltr'><strong>apud</strong></span> <span class='ocrx_word' id='word_1_111' title='bbox 1278 1951 1354 2018; x_wconf 89' lang='lat' dir='ltr'><strong>Ro·</strong></span> 
     </span>
     <span class='ocr_line' id='line_1_16' title="bbox 270 2055 1352 2154; baseline 0.003 -29"><span class='ocrx_word' id='word_1_112' title='bbox 270 2081 388 2126; x_wconf 88' lang='lat' dir='ltr'><strong>manos</strong></span> <span class='ocrx_word' id='word_1_113' title='bbox 405 2057 577 2128; x_wconf 88' lang='lat' dir='ltr'><strong>orchestra</strong></span> <span class='ocrx_word' id='word_1_114' title='bbox 595 2058 808 2126; x_wconf 89' lang='lat' dir='ltr'><strong>senatoribus</strong></span> <span class='ocrx_word' id='word_1_115' title='bbox 823 2055 931 2127; x_wconf 87' lang='lat' dir='ltr'><strong>dicata</strong></span> <span class='ocrx_word' id='word_1_116' title='bbox 948 2056 1028 2145; x_wconf 84' lang='lat' dir='ltr'><strong>fuit,</strong></span> <span class='ocrx_word' id='word_1_117' title='bbox 1048 2056 1084 2126; x_wconf 91' lang='lat' dir='ltr'><strong>in</strong></span> <span class='ocrx_word' id='word_1_118' title='bbox 1101 2082 1168 2154; x_wconf 90' lang='lat' dir='ltr'><strong>qua</strong></span> <span class='ocrx_word' id='word_1_119' title='bbox 1188 2058 1352 2128; x_wconf 85' lang='lat' dir='ltr'><strong>honorifi-</strong></span> 
     </span>
     <span class='ocr_line' id='line_1_17' title="bbox 270 2167 1352 2264; baseline 0.002 -25"><span class='ocrx_word' id='word_1_120' title='bbox 270 2169 459 2239; x_wconf 88' lang='lat' dir='ltr'><strong>centiorum</strong></span> <span class='ocrx_word' id='word_1_121' title='bbox 477 2183 574 2245; x_wconf 86' lang='lat' dir='ltr'><strong>erant</strong></span> <span class='ocrx_word' id='word_1_122' title='bbox 590 2167 662 2238; x_wconf 91' lang='lat' dir='ltr'><strong>loca</strong></span> <span class='ocrx_word' id='word_1_123' title='bbox 681 2167 871 2264; x_wconf 88' lang='lat' dir='ltr'><strong>designata,</strong></span> <span class='ocrx_word' id='word_1_124' title='bbox 889 2183 1028 2264; x_wconf 89' lang='lat' dir='ltr'><strong>propter</strong></span> <span class='ocrx_word' id='word_1_125' title='bbox 1049 2169 1325 2241; x_wconf 84' lang='lat' dir='ltr'><strong>commoditatem</strong></span> <span class='ocrx_word' id='word_1_126' title='bbox 1341 2197 1352 2258; x_wconf 76' lang='grc' dir='ltr'><strong>ς</strong></span> 
     </span>
     <span class='ocr_line' id='line_1_18' title="bbox 271 2277 1352 2376; baseline 0.003 -28"><span class='ocrx_word' id='word_1_127' title='bbox 271 2295 312 2348; x_wconf 91' lang='lat' dir='ltr'><strong>ut</strong></span> <span class='ocrx_word' id='word_1_128' title='bbox 332 2277 431 2369; x_wconf 88' lang='lat' dir='ltr'><strong>inde,</strong></span> <span class='ocrx_word' id='word_1_129' title='bbox 455 2304 525 2348; x_wconf 90' lang='lat' dir='ltr'><strong>non</strong></span> <span class='ocrx_word' id='word_1_130' title='bbox 548 2277 658 2350; x_wconf 92' lang='lat' dir='ltr'><strong>solum</strong></span> <span class='ocrx_word' id='word_1_131' title='bbox 679 2280 782 2349; x_wconf 85' lang='lat' dir='ltr'><strong>verba</strong></span> <span class='ocrx_word' id='word_1_132' title='bbox 803 2294 835 2349; x_wconf 93' lang='lat' dir='ltr'><strong>et</strong></span> <span class='ocrx_word' id='word_1_133' title='bbox 857 2295 988 2376; x_wconf 88' lang='lat' dir='ltr'><strong>gestus,</strong></span> <span class='ocrx_word' id='word_1_134' title='bbox 1015 2279 1075 2350; x_wconf 89' lang='lat' dir='ltr'><strong>sed</strong></span> <span class='ocrx_word' id='word_1_135' title='bbox 1101 2281 1202 2351; x_wconf 90' lang='lat' dir='ltr'><strong>etiam</strong></span> <span class='ocrx_word' id='word_1_136' title='bbox 1225 2281 1352 2376; x_wconf 86' lang='lat' dir='ltr'><strong>pedum</strong></span> 
     </span>
     <span class='ocr_line' id='line_1_19' title="bbox 270 2387 1352 2488; baseline 0.002 -28"><span class='ocrx_word' id='word_1_137' title='bbox 270 2390 454 2476; x_wconf 88' lang='lat' dir='ltr'><strong>motiones,</strong></span> <span class='ocrx_word' id='word_1_138' title='bbox 470 2403 505 2458; x_wconf 90' lang='lat' dir='ltr'><strong>et</strong></span> <span class='ocrx_word' id='word_1_139' title='bbox 520 2387 571 2460; x_wconf 89' lang='lat' dir='ltr'><strong>vel</strong></span> <span class='ocrx_word' id='word_1_140' title='bbox 590 2391 729 2460; x_wconf 91' lang='lat' dir='ltr'><strong>minima</strong></span> <span class='ocrx_word' id='word_1_141' title='bbox 745 2415 884 2486; x_wconf 69' lang='lat' dir='ltr'><strong>quaeque</strong></span> <span class='ocrx_word' id='word_1_142' title='bbox 906 2391 1160 2486; x_wconf 88' lang='lat' dir='ltr'><strong>conspicerent:</strong></span> <span class='ocrx_word' id='word_1_143' title='bbox 1173 2393 1352 2488; x_wconf 84' lang='lat' dir='ltr'><strong>proximus</strong></span> 
     </span>
     <span class='ocr_line' id='line_1_20' title="bbox 271 2499 1351 2598; baseline 0.002 -26"><span class='ocrx_word' id='word_1_144' title='bbox 271 2500 362 2572; x_wconf 90' lang='lat' dir='ltr'><strong>enim</strong></span> <span class='ocrx_word' id='word_1_145' title='bbox 375 2499 430 2570; x_wconf 87' lang='lat' dir='ltr'><strong>hie</strong></span> <span class='ocrx_word' id='word_1_146' title='bbox 441 2499 564 2596; x_wconf 87' lang='lat' dir='ltr'><strong>gradus</strong></span> <span class='ocrx_word' id='word_1_147' title='bbox 572 2515 646 2570; x_wconf 85' lang='lat' dir='ltr'><strong>erat</strong></span> <span class='ocrx_word' id='word_1_148' title='bbox 659 2500 793 2597; x_wconf 90' lang='lat' dir='ltr'><strong>pulpito</strong></span> <span class='ocrx_word' id='word_1_149' title='bbox 806 2499 980 2591; x_wconf 83' lang='lat' dir='ltr'><strong>sceuae,de</strong></span> <span class='ocrx_word' id='word_1_150' title='bbox 990 2501 1087 2597; x_wconf 88' lang='lat' dir='ltr'><strong>cujus</strong></span> <span class='ocrx_word' id='word_1_151' title='bbox 1104 2501 1351 2598; x_wconf 87' lang='lat' dir='ltr'><strong>compositione</strong></span> 
     </span>
     <span class='ocr_line' id='line_1_21' title="bbox 269 2609 620 2681; baseline -0.006 0"><span class='ocrx_word' id='word_1_152' title='bbox 269 2635 350 2681; x_wconf 80' lang='lat' dir='ltr'><strong>mox</strong></span> <span class='ocrx_word' id='word_1_153' title='bbox 365 2609 545 2681; x_wconf 88' lang='lat' dir='ltr'><strong>dicendum</strong></span> <span class='ocrx_word' id='word_1_154' title='bbox 562 2625 620 2681; x_wconf 87' lang='lat' dir='ltr'><strong>est.</strong></span> 
     </span>
    </p>
   </div>
   <div class='ocr_carea' id='block_1_3' title="bbox 270 2837 1343 2914">
    <p class='ocr_par' dir='ltr' id='par_1_3' title="bbox 270 2837 1343 2914">
     <span class='ocr_line' id='line_1_22' title="bbox 270 2837 1343 2914; baseline -0.002 -4"><span class='ocrx_word' id='word_1_155' title='bbox 270 2839 454 2910; x_wconf 90' lang='lat' dir='ltr'><strong>POSITIO</strong></span> <span class='ocrx_word' id='word_1_156' title='bbox 470 2840 529 2908; x_wconf 93' lang='lat' dir='ltr'><strong>ET</strong></span> <span class='ocrx_word' id='word_1_157' title='bbox 543 2837 864 2910; x_wconf 84' lang='lat' dir='ltr'>CONSTRUCTIO</span> <span class='ocrx_word' id='word_1_158' title='bbox 876 2837 1033 2910; x_wconf 86' lang='lat' dir='ltr'>SCENAE</span> <span class='ocrx_word' id='word_1_159' title='bbox 1051 2839 1103 2909; x_wconf 87' lang='lat' dir='ltr'><strong>IN</strong></span> <span class='ocrx_word' id='word_1_160' title='bbox 1115 2839 1343 2914; x_wconf 77' lang='lat' dir='ltr'><strong>THEATRO.</strong></span> 
     </span>
    </p>
   </div>
   <div class='ocr_carea' id='block_1_4' title="bbox 269 3041 1342 3921">
    <p class='ocr_par' dir='ltr' id='par_1_4' title="bbox 269 3041 1342 3921">
     <span class='ocr_line' id='line_1_23' title="bbox 319 3041 1341 3141; baseline -0.001 -25"><span class='ocrx_word' id='word_1_161' title='bbox 319 3047 409 3116; x_wconf 83' lang='lat' dir='ltr'><strong>Ante</strong></span> <span class='ocrx_word' id='word_1_162' title='bbox 427 3044 629 3131; x_wconf 83' lang='lat' dir='ltr'><strong>Theatrum,</strong></span> <span class='ocrx_word' id='word_1_163' title='bbox 650 3066 711 3113; x_wconf 93' lang='lat' dir='ltr'><strong>ceu</strong></span> <span class='ocrx_word' id='word_1_164' title='bbox 726 3041 820 3113; x_wconf 85' lang='lat' dir='ltr'><strong>frons</strong></span> <span class='ocrx_word' id='word_1_165' title='bbox 838 3041 991 3137; x_wconf 72' lang='lat' dir='ltr'><strong>quodam</strong></span> <span class='ocrx_word' id='word_1_166' title='bbox 1010 3041 1133 3138; x_wconf 86' lang='lat' dir='ltr'><strong>ipsius,</strong></span> <span class='ocrx_word' id='word_1_167' title='bbox 1152 3047 1258 3116; x_wconf 73' lang='lat' dir='ltr'><strong>Scene</strong></span> <span class='ocrx_word' id='word_1_168' title='bbox 1279 3068 1341 3141; x_wconf 89' lang='lat' dir='ltr'><strong>op·</strong></span> 
     </span>
     <span class='ocr_line' id='line_1_24' title="bbox 269 3151 1342 3253; baseline 0 -27"><span class='ocrx_word' id='word_1_169' title='bbox 269 3157 379 3253; x_wconf 84' lang='lat' dir='ltr'><strong>posita</strong></span> <span class='ocrx_word' id='word_1_170' title='bbox 393 3153 474 3243; x_wconf 84' lang='lat' dir='ltr'><strong>fuit,</strong></span> <span class='ocrx_word' id='word_1_171' title='bbox 490 3179 552 3250; x_wconf 92' lang='lat' dir='ltr'><strong>pro</strong></span> <span class='ocrx_word' id='word_1_172' title='bbox 569 3178 606 3224; x_wconf 88' lang='lat' dir='ltr'><strong>re</strong></span> <span class='ocrx_word' id='word_1_173' title='bbox 619 3169 699 3224; x_wconf 85' lang='lat' dir='ltr'><strong>nata</strong></span> <span class='ocrx_word' id='word_1_174' title='bbox 713 3167 748 3223; x_wconf 89' lang='lat' dir='ltr'><strong>et</strong></span> <span class='ocrx_word' id='word_1_175' title='bbox 760 3151 891 3250; x_wconf 88' lang='lat' dir='ltr'><strong>agenda</strong></span> <span class='ocrx_word' id='word_1_176' title='bbox 904 3153 1079 3224; x_wconf 85' lang='lat' dir='ltr'><strong>Comoedia</strong></span> <span class='ocrx_word' id='word_1_177' title='bbox 1091 3169 1151 3226; x_wconf 90' lang='lat' dir='ltr'><strong>aut</strong></span> <span class='ocrx_word' id='word_1_178' title='bbox 1165 3155 1342 3252; x_wconf 79' lang='lat' dir='ltr'><strong>Tragoedia</strong></span> 
     </span>
     <span class='ocr_line' id='line_1_25' title="bbox 269 3263 1341 3356; baseline -0.003 -18"><span class='ocrx_word' id='word_1_179' title='bbox 269 3281 455 3356; x_wconf 80' lang='lat' dir='ltr'><strong>exstmcta3</strong></span> <span class='ocrx_word' id='word_1_180' title='bbox 472 3289 542 3337; x_wconf 90' lang='lat' dir='ltr'><strong>uuo</strong></span> <span class='ocrx_word' id='word_1_181' title='bbox 569 3279 629 3336; x_wconf 86' lang='lat' dir='ltr'><strong>aut</strong></span> <span class='ocrx_word' id='word_1_182' title='bbox 651 3264 757 3336; x_wconf 87' lang='lat' dir='ltr'><strong>altero</strong></span> <span class='ocrx_word' id='word_1_183' title='bbox 782 3279 913 3336; x_wconf 87' lang='lat' dir='ltr'><strong>tuntum</strong></span> <span class='ocrx_word' id='word_1_184' title='bbox 937 3263 992 3334; x_wconf 89' lang='lat' dir='ltr'><strong>die</strong></span> <span class='ocrx_word' id='word_1_185' title='bbox 1018 3266 1095 3336; x_wconf 88' lang='lat' dir='ltr'><strong>usui</strong></span> <span class='ocrx_word' id='word_1_186' title='bbox 1121 3265 1254 3355; x_wconf 80' lang='lat' dir='ltr'><strong>futura3</strong></span> <span class='ocrx_word' id='word_1_187' title='bbox 1276 3266 1341 3336; x_wconf 90' lang='lat' dir='ltr'><strong>uisi</strong></span> 
     </span>
     <span class='ocr_line' id='line_1_26' title="bbox 269 3373 1341 3473; baseline -0.004 -23"><span class='ocrx_word' id='word_1_188' title='bbox 269 3378 410 3450; x_wconf 86' lang='lat' dir='ltr'><strong>fortasse</strong></span> <span class='ocrx_word' id='word_1_189' title='bbox 422 3377 551 3473; x_wconf 89' lang='lat' dir='ltr'><strong>ligneus</strong></span> <span class='ocrx_word' id='word_1_190' title='bbox 561 3389 742 3472; x_wconf 88' lang='lat' dir='ltr'><strong>apparatus</strong></span> <span class='ocrx_word' id='word_1_191' title='bbox 753 3375 788 3444; x_wconf 94' lang='lat' dir='ltr'><strong>in</strong></span> <span class='ocrx_word' id='word_1_192' title='bbox 803 3374 932 3470; x_wconf 90' lang='lat' dir='ltr'><strong>aliquot</strong></span> <span class='ocrx_word' id='word_1_193' title='bbox 947 3373 1017 3446; x_wconf 88' lang='lat' dir='ltr'><strong>dies</strong></span> <span class='ocrx_word' id='word_1_194' title='bbox 1028 3375 1244 3471; x_wconf 83' lang='lat' dir='ltr'><strong>proferretur.</strong></span> <span class='ocrx_word' id='word_1_195' title='bbox 1253 3379 1341 3448; x_wconf 87' lang='lat' dir='ltr'><strong>Nam</strong></span> 
     </span>
     <span class='ocr_line' id='line_1_27' title="bbox 271 3486 1341 3585; baseline -0.004 -24"><span class='ocrx_word' id='word_1_196' title='bbox 271 3491 313 3562; x_wconf 87' lang='lat' dir='ltr'><strong>de</strong></span> <span class='ocrx_word' id='word_1_197' title='bbox 328 3489 435 3560; x_wconf 88' lang='lat' dir='ltr'><strong>scenis</strong></span> <span class='ocrx_word' id='word_1_198' title='bbox 447 3487 670 3585; x_wconf 88' lang='lat' dir='ltr'><strong>sumptuosis,</strong></span> <span class='ocrx_word' id='word_1_199' title='bbox 683 3502 717 3557; x_wconf 91' lang='lat' dir='ltr'><strong>et</strong></span> <span class='ocrx_word' id='word_1_200' title='bbox 728 3501 848 3584; x_wconf 83' lang='lat' dir='ltr'><strong>praeter</strong></span> <span class='ocrx_word' id='word_1_201' title='bbox 860 3486 1137 3556; x_wconf 87' lang='lat' dir='ltr'><strong>consuetudinem</strong></span> <span class='ocrx_word' id='word_1_202' title='bbox 1155 3512 1258 3582; x_wconf 85' lang='lat' dir='ltr'><strong>supra</strong></span> <span class='ocrx_word' id='word_1_203' title='bbox 1270 3511 1341 3557; x_wconf 89' lang='lat' dir='ltr'><strong>mo-</strong></span> 
     </span>
     <span class='ocr_line' id='line_1_28' title="bbox 269 3597 1339 3693; baseline -0.004 -19"><span class='ocrx_word' id='word_1_204' title='bbox 269 3603 353 3675; x_wconf 88' lang='lat' dir='ltr'><strong>dum</strong></span> <span class='ocrx_word' id='word_1_205' title='bbox 372 3600 634 3689; x_wconf 84' lang='lat' dir='ltr'><strong>luxuriantibus,</strong></span> <span class='ocrx_word' id='word_1_206' title='bbox 653 3599 709 3670; x_wconf 91' lang='lat' dir='ltr'><strong>hie</strong></span> <span class='ocrx_word' id='word_1_207' title='bbox 727 3625 796 3669; x_wconf 89' lang='lat' dir='ltr'><strong>nou</strong></span> <span class='ocrx_word' id='word_1_208' title='bbox 816 3597 1044 3693; x_wconf 84' lang='lat' dir='ltr'><strong>intelligimus.</strong></span> <span class='ocrx_word' id='word_1_209' title='bbox 1062 3601 1103 3668; x_wconf 90' lang='lat' dir='ltr'><strong>In</strong></span> <span class='ocrx_word' id='word_1_210' title='bbox 1121 3598 1213 3670; x_wconf 91' lang='lat' dir='ltr'><strong>hunc</strong></span> <span class='ocrx_word' id='word_1_211' title='bbox 1228 3615 1339 3670; x_wconf 89' lang='lat' dir='ltr'><strong>autem</strong></span> 
     </span>
     <span class='ocr_line' id='line_1_29' title="bbox 269 3709 1340 3807; baseline -0.007 -21"><span class='ocrx_word' id='word_1_212' title='bbox 269 3713 407 3786; x_wconf 88' lang='lat' dir='ltr'><strong>modum</strong></span> <span class='ocrx_word' id='word_1_213' title='bbox 431 3710 593 3807; x_wconf 88' lang='lat' dir='ltr'><strong>disposita</strong></span> <span class='ocrx_word' id='word_1_214' title='bbox 619 3725 711 3800; x_wconf 89' lang='lat' dir='ltr'><strong>erat,</strong></span> <span class='ocrx_word' id='word_1_215' title='bbox 732 3724 897 3805; x_wconf 89' lang='lat' dir='ltr'><strong>quantum</strong></span> <span class='ocrx_word' id='word_1_216' title='bbox 917 3733 979 3804; x_wconf 90' lang='lat' dir='ltr'><strong>ego</strong></span> <span class='ocrx_word' id='word_1_217' title='bbox 998 3709 1191 3804; x_wconf 86' lang='lat' dir='ltr'><strong>conjectura</strong></span> <span class='ocrx_word' id='word_1_218' title='bbox 1209 3711 1340 3807; x_wconf 84' lang='lat' dir='ltr'><strong>assequi</strong></span> 
     </span>
     <span class='ocr_line' id='line_1_30' title="bbox 269 3819 1341 3921; baseline -0.004 -26"><span class='ocrx_word' id='word_1_219' title='bbox 269 3847 416 3921; x_wconf 88' lang='lat' dir='ltr'><strong>possum.</strong></span> <span class='ocrx_word' id='word_1_220' title='bbox 432 3826 539 3894; x_wconf 89' lang='lat' dir='ltr'><strong>Scena</strong></span> <span class='ocrx_word' id='word_1_221' title='bbox 548 3822 636 3892; x_wconf 88' lang='lat' dir='ltr'><strong>binis</strong></span> <span class='ocrx_word' id='word_1_222' title='bbox 644 3819 865 3917; x_wconf 89' lang='lat' dir='ltr'><strong>pluribusque</strong></span> <span class='ocrx_word' id='word_1_223' title='bbox 876 3821 1186 3915; x_wconf 81' lang='lat' dir='ltr'><strong>contignationibus</strong></span> <span class='ocrx_word' id='word_1_224' title='bbox 1198 3837 1257 3892; x_wconf 90' lang='lat' dir='ltr'><strong>aut</strong></span> <span class='ocrx_word' id='word_1_225' title='bbox 1266 3847 1341 3892; x_wconf 91' lang='lat' dir='ltr'><strong>con·</strong></span> 
     </span>
    </p>
   </div>
   <div class='ocr_carea' id='block_1_5' title="bbox 271 3929 1341 4137">
    <p class='ocr_par' dir='ltr' id='par_1_5' title="bbox 271 3929 1341 4137">
     <span class='ocr_line' id='line_1_31' title="bbox 271 3929 1341 4030; baseline -0.002 -25"><span class='ocrx_word' id='word_1_226' title='bbox 271 3931 534 4005; x_wconf 86' lang='lat' dir='ltr'><strong>tubulationibus</strong></span> <span class='ocrx_word' id='word_1_227' title='bbox 544 3985 554 4021; x_wconf 91' lang='lat'><strong>,</strong></span> <span class='ocrx_word' id='word_1_228' title='bbox 564 3931 593 4002; x_wconf 88' lang='lat' dir='ltr'><strong>si</strong></span> <span class='ocrx_word' id='word_1_229' title='bbox 605 3933 726 4020; x_wconf 85' lang='lat' dir='ltr'><strong>mavis,</strong></span> <span class='ocrx_word' id='word_1_230' title='bbox 739 3947 908 4003; x_wconf 85' lang='lat' dir='ltr'><strong>exstructa</strong></span> <span class='ocrx_word' id='word_1_231' title='bbox 920 3929 985 4001; x_wconf 83' lang='lat' dir='ltr'><strong>fuit</strong></span> <span class='ocrx_word' id='word_1_232' title='bbox 995 3957 1003 4000; x_wconf 91' lang='lat'><strong>:</strong></span> <span class='ocrx_word' id='word_1_233' title='bbox 1015 3931 1103 4003; x_wconf 85' lang='lat' dir='ltr'><strong>circa</strong></span> <span class='ocrx_word' id='word_1_234' title='bbox 1113 3957 1198 4030; x_wconf 85' lang='lat' dir='ltr'><strong>qurs</strong></span> <span class='ocrx_word' id='word_1_235' title='bbox 1210 3929 1341 4029; x_wconf 75' lang='lat' dir='ltr'><strong>singula</strong></span> 
     </span>
     <span class='ocr_line' id='line_1_32' title="bbox 271 4039 1340 4137; baseline -0.007 -19"><span class='ocrx_word' id='word_1_236' title='bbox 271 4043 481 4133; x_wconf 86' lang='lat' dir='ltr'><strong>ambulacra,</strong></span> <span class='ocrx_word' id='word_1_237' title='bbox 499 4057 558 4114; x_wconf 88' lang='lat' dir='ltr'><strong>aut</strong></span> <span class='ocrx_word' id='word_1_238' title='bbox 571 4041 720 4137; x_wconf 88' lang='lat' dir='ltr'><strong>porticus</strong></span> <span class='ocrx_word' id='word_1_239' title='bbox 734 4039 899 4114; x_wconf 84' lang='lat' dir='ltr'><strong>columnis</strong></span> <span class='ocrx_word' id='word_1_240' title='bbox 912 4039 1064 4136; x_wconf 87' lang='lat' dir='ltr'><strong>pluribus</strong></span> <span class='ocrx_word' id='word_1_241' title='bbox 1076 4041 1240 4114; x_wconf 85' lang='lat' dir='ltr'><strong>distinete</strong></span> <span class='ocrx_word' id='word_1_242' title='bbox 1253 4041 1340 4114; x_wconf 85' lang='lat' dir='ltr'><strong>ride·</strong></span> 
     </span>
    </p>
   </div>
   <div class='ocr_carea' id='block_1_6' title="bbox 0 0 1450 4866">
    <p class='ocr_par' dir='ltr' id='par_1_6' title="bbox 0 0 1450 4866">
     <span class='ocr_line' id='line_1_33' title="bbox 0 0 1450 4866; baseline 0 4"><span class='ocrx_word' id='word_1_243' title='bbox 0 0 1450 4866; x_wconf 95' lang='lat' dir='ltr'><strong> </strong></span> 
     </span>
    </p>
   </div>
  </div>
 </body>
</html>
