3014 4860
440 377 630 446 netur.
658 377 766 445 Acr.
794 377 839 462 v,
867 376 936 444 sc.
964 377 1031 444 vr.
1199 373 1275 460 463

488 647 663 738 SCEN
673 647 712 733 A
731 645 981 735 SEXTA.

202 888 503 960 MENEDEMUS.
531 886 758 956 CHREMES.
781 886 1011 955 CLlTlPHO.
1034 887 1274 958 SOSTR'ATA.

255 1121 350 1188 Meu.
370 1093 550 1184 Enimvero
569 1113 731 1184 Chremes
756 1113 854 1182 nimis
877 1115 1023 1208 graviter
1045 1116 1172 1184 cruciat
1196 1116 1275 1186 edo·

360 1218 577 1292 lescentulum
589 1273 599 1308 ,

201 1331 375 1426 Nimisque
401 1329 591 1398 inhumane.
620 1329 711 1396 Exeo
743 1350 843 1421 ergo,
870 1341 909 1396 ut
943 1352 1061 1424 pacem
1090 1328 1274 1400 conciliem.

362 1437 511 1532 Optume

201 1547 297 1641 Ipsos
321 1542 429 1612 video.
458 1544 549 1615 Cau.
581 1535 702 1610 Ehem!
733 1539 946 1630 Menedemo,
975 1566 1036 1612 cur
1059 1568 1127 1613 non
1153 1547 1275 1614 arcessi

358 1648 456 1744 jubes
966 1735 972 1749 .

202 1754 338 1845 Filiam,
361 1770 396 1825 et
415 1755 506 1852 quod
530 1754 618 1825 dotis
643 1753 726 1842 dixi,
744 1751 878 1824 firmas?
897 1755 973 1826 Sos.
998 1757 1049 1825 Mi
1071 1757 1140 1845 vir,
1162 1771 1194 1826 te
1216 1756 1275 1826 ob·

362 1887 472 1950 secro,
1226 1895 1278 1933 ,σεο

202 1969 254 2039 Ne
276 1969 386 2040 facias.
408 1971 507 2040 Cum.
527 1969 644 2050 Pater,
668 1965 807 2036 obsecro
827 1968 908 2036 mihi
928 1969 1089 2063 ignoscas.
1109 1971 1205 2039 Meu.
1222 1974 1276 2040 Da

362 2077 512 2162 veniam,
527 2073 684 2143 Chreme.

246 2293 327 2358 1047.
346 2289 423 2340 Enim
436 2304 512 2350 vero,
526 2297 579 2338 etc.
593 2283 643 2337 Illa
655 2295 718 2337 sunt
761 2282 871 2355 pondus
881 2284 1038 2356 legitimum.
1051 2285 1113 2350 Sed,
1123 2285 1196 2358 quod
1206 2286 1275 2342 adri

202 2365 375 2438 indignantis.
388 2363 598 2436 Intelligendum
604 2364 716 2428 est‚Me·
752 2363 841 2433 firmas
848 2365 949 2430 attinet,
955 2363 1083 2436 quiddam
1097 2365 1183 2420 multo
1194 2370 1278 2440 majo·

202 2444 348 2500 nedemum
366 2458 484 2500 extreme
503 2457 576 2498 certe
591 2444 676 2515 patris
690 2455 718 2497 et
759 2443 1182 2500 riemomeutieduotendumest.
1194 2449 1278 2502 Clue-

203 2529 257 2580 nsti
272 2529 353 2581 verba
374 2539 437 2598 post
449 2543 564 2583 scenam
575 2522 718 2577 audivisse·
760 2542 817 2578 mes
829 2523 941 2590 scilicet,
952 2537 982 2578 ut
997 2525 1127 2588 vidimus,
1144 2545 1200 2580 non
1215 2548 1275 2582 om·

80 2637 84 2648 ·
202 2639 241 2650 -
255 2607 357 2661 Cruciat
370 2605 579 2658 adolescentulum.
587 2605 650 2657 Non
658 2603 716 2656 sine
759 2621 807 2656 nee
815 2623 874 2658 euos
883 2604 1003 2660 fortunm
1012 2605 1135 2660 filiasue
1144 2605 1173 2659 in
1182 2606 1276 2662 dotem

201 2700 338 2743 venustate
354 2693 391 2756 τῷ
413 2689 519 2751 cruciat,
533 2682 609 2756 quod
625 2697 664 2736 est
675 2701 716 2736 us·
761 2685 819 2738 vult
837 2683 945 2756 largiri3
966 2698 992 2739 et
1006 2685 1085 2758 tingit
1099 2703 1127 2738 se
1147 2684 1273 2742 dstururn

202 2785 312 2838 perum,
331 2766 474 2821 Terentius
491 2764 605 2838 opponit
621 2764 717 2816 adoles·
759 2763 865 2830 omnis,
878 2784 933 2817 uon
943 2765 994 2818 nisi
1005 2779 1034 2819 ut
1046 2767 1143 2820 timens
1155 2767 1275 2839 Clitipho

203 2847 333 2911 centulum,
346 2865 401 2919 quo
414 2847 461 2900 fiat
476 2847 562 2918 major
581 2863 632 2916 per
648 2841 717 2898 illud
759 2842 852 2897 redeat
866 2841 900 2898 ed
915 2845 1051 2898 meliorem
1061 2847 1175 2920 frugem.
1183 2848 1276 2914 Quum

202 2924 398 2980 deminutivum
413 2927 555 2999 oppositio.
760 2937 850 2976 eutem
866 2925 927 2978 satis
941 2923 989 2978 diu
1004 2923 1142 2979 duraverit
1157 2926 1203 2980 ille
1217 2929 1274 2982 Cli·

246 3010 331 3071 1048.
352 3007 487 3077 Nimisque.
515 3005 596 3072 Both.
618 3003 718 3058 omittit
760 3003 881 3076 tiphonis
894 3019 999 3066 metus,
1023 3025 1054 3060 ex
1074 3007 1186 3078 obliquo
1199 3019 1275 3080 pater

203 3105 256 3156 que.
276 3119 317 3132 -
346 3087 459 3158 Optume.
481 3087 536 3139 Atii
555 3097 718 3158 opportune.
761 3083 851 3138 innuit
871 3103 926 3138 non
939 3085 1051 3139 omnino
1064 3084 1200 3140 decretum
1220 3106 1276 3140 esee

206 3165 276 3220 Exeo
291 3187 360 3236 ergo,
380 3179 408 3219 ut
420 3185 504 3236 pacem
521 3166 654 3219 conciliem.
673 3163 718 3218 Sic
760 3164 930 3234 largitionem
943 3163 1028 3232 dctis,
1047 3166 1085 3220 its
1098 3179 1129 3220 ut
1141 3185 1215 3222 suum
1229 3166 1275 3221 ille

204 3245 347 3302 intervenit
359 3263 480 3317 persona,
491 3247 566 3315 cujus
575 3246 718 3316 gratiapex
761 3245 844 3315 possit
869 3243 958 3298 adhuc
980 3244 1126 3318 impetrare
1159 3245 1274 3300 venium.

205 3326 378 3382 concilietur:
388 3325 424 3377 its
434 3336 464 3378 ut
474 3324 564 3377 omnia
571 3325 717 3396 tranquille
763 3325 799 3409 ξι
806 3336 877 3378 totus
886 3323 995 3396 quidem
1004 3325 1049 3380 hio
1056 3326 1131 3379 locus
1138 3325 1274 3380 miraeum

204 3405 290 3458 sintet
299 3405 466 3477 composite,
483 3416 565 3476 prout
579 3402 718 3458 eomoedise
760 3416 819 3458 arte
831 3417 964 3458 tractetur.

204 3483 265 3538 linis
278 3485 405 3557 postulet.
421 3484 511 3554 Calph.
806 3486 890 3537 1051.
904 3485 1010 3537 Obsecro
1017 3485 1274 3554 midiigrorcas.dlii‚

248 3571 331 3634 1049.
347 3565 456 3618 Arcessi.
466 3563 578 3636 Proprie
590 3566 721 3616 arcessitur
760 3563 856 3616 obsecre
869 3564 966 3616 etmihi
977 3567 1028 3634 ign.
1038 3565 1124 3618 -Ne
1129 3565 1274 3632 facias..Ne

205 3662 284 3702 uxor,
311 3658 341 3697 ut
349 3646 406 3716 juni
416 3645 585 3709 notavimus,
600 3641 667 3696 dum
682 3641 717 3696 ed
760 3640 906 3695 exheredes
927 3643 1023 3696 hlium.
1042 3645 1271 3716 cf.supn‚1014

203 3723 292 3776 virum
306 3723 423 3778 ducitur.
761 3741 819 3794 sqq.
828 3721 935 3776 Scilicet
944 3735 1021 3794 putet
1030 3723 1154 3788 Sostrate,
1164 3723 1192 3777 id
1200 3725 1273 3798 quod

245 3793 328 3858 todo.
352 3807 390 3858 Et
402 3795 475 3877 ‘quod
486 3805 550 3858 dotis
562 3804 623 3857 ds'xi.
648 3803 717 3868 Alii,
760 3815 816 3856 emt
828 3801 931 3868 lictum,
945 3821 1000 3856 esse
1011 3822 1117 3870 verum,
1129 3823 1167 3858 sc
1180 3805 1273 3859 loreut

204 3891 230 3932 et
243 3884 309 3954 quod
319 3885 375 3938 dici
386 3885 458 3940 dotis.
476 3915 516 3927 -
529 3885 581 3938 Cur
593 3903 642 3937 noo
652 3881 719 3956 quod
761 3895 836 3954 pater
853 3882 960 3953 penitus
980 3881 1153 3938 exheredaret
1171 3885 1275 3953 lilium,

205 3962 269 4016 dotis
283 3963 452 4035 dieifimuss’
469 3961 659 4026 Menedemum
672 3982 716 4018 sc·
762 3961 851 4014 omnia
866 3963 985 4016 tribuens
997 3963 1069 4018 filies.
1083 3965 1172 4036 Calph.
1181 3999 1220 4010 --
1232 3966 1276 4017 Da

207 4043 296 4114 cipere
311 4063 418 4100 necesse
435 4057 505 4111 eret,
522 4057 551 4098 ut
565 4043 638 4098 dono
652 4056 718 4097 esset
765 4045 870 4104 ueniam,
887 4061 967 4113 parce
980 4044 1028 4097 illi.
