<?xml version="1.0" encoding="UTF-8"?>
<!DOCTYPE html PUBLIC "-//W3C//DTD XHTML 1.0 Transitional//EN"
    "http://www.w3.org/TR/xhtml1/DTD/xhtml1-transitional.dtd">
<html xmlns="http://www.w3.org/1999/xhtml" xml:lang="en" lang="en">
 <head>
  <title>
</title>
<meta http-equiv="Content-Type" content="text/html;charset=utf-8" />
  <meta name='ocr-system' content='tesseract 3.04.00' />
  <meta name='ocr-capabilities' content='ocr_page ocr_carea ocr_par ocr_line ocrx_word'/>
</head>
<body>
  <div class='ocr_page' id='page_1' title='image "./publiiterentiia04lemagoog/publiiterentiia04lemagoog_0016.png"; bbox 0 0 3000 4866; ppageno 0'>
   <div class='ocr_carea' id='block_1_1' title="bbox 241 391 1112 474">
    <p class='ocr_par' dir='ltr' id='par_1_1' title="bbox 241 391 1112 474">
     <span class='ocr_line' id='line_1_1' title="bbox 241 391 1112 474; baseline -0.001 -14"><span class='ocrx_word' id='word_1_1' title='bbox 241 417 277 462; x_wconf 83' lang='lat' dir='ltr'><strong>vr</strong></span> <span class='ocrx_word' id='word_1_2' title='bbox 424 391 676 474; x_wconf 74' lang='lat' dir='ltr'><strong>PRAEFATIO</strong></span> <span class='ocrx_word' id='word_1_3' title='bbox 703 391 839 466; x_wconf 75' lang='lat' dir='ltr'><strong>Novl</strong></span> <span class='ocrx_word' id='word_1_4' title='bbox 865 391 1112 466; x_wconf 73' lang='lat' dir='ltr'><strong>Enltonls</strong></span> 
     </span>
    </p>
   </div>
   <div class='ocr_carea' id='block_1_2' title="bbox 239 589 1313 2147">
    <p class='ocr_par' dir='ltr' id='par_1_2' title="bbox 239 589 1310 1351">
     <span class='ocr_line' id='line_1_2' title="bbox 240 589 1306 717; baseline -0.006 -29"><span class='ocrx_word' id='word_1_5' title='bbox 240 626 347 701; x_wconf 74' lang='lat' dir='ltr'><strong>vera</strong></span> <span class='ocrx_word' id='word_1_6' title='bbox 364 593 564 695; x_wconf 84' lang='lat' dir='ltr'><strong>auctoris</strong></span> <span class='ocrx_word' id='word_1_7' title='bbox 579 623 745 706; x_wconf 84' lang='lat' dir='ltr'><strong>manu,</strong></span> <span class='ocrx_word' id='word_1_8' title='bbox 764 589 1045 694; x_wconf 80' lang='lat' dir='ltr'><strong>doluerimus</strong></span> <span class='ocrx_word' id='word_1_9' title='bbox 1064 589 1190 717; x_wconf 85' lang='lat' dir='ltr'><strong>quod</strong></span> <span class='ocrx_word' id='word_1_10' title='bbox 1209 625 1306 682; x_wconf 92' lang='lat' dir='ltr'><strong>non</strong></span> 
     </span>
     <span class='ocr_line' id='line_1_3' title="bbox 239 749 1307 876; baseline 0.002 -36"><span class='ocrx_word' id='word_1_11' title='bbox 239 751 393 876; x_wconf 87' lang='lat' dir='ltr'><strong>plures</strong></span> <span class='ocrx_word' id='word_1_12' title='bbox 432 749 726 875; x_wconf 83' lang='lat' dir='ltr'><strong>impendisset</strong></span> <span class='ocrx_word' id='word_1_13' title='bbox 766 783 898 842; x_wconf 88' lang='lat' dir='ltr'><strong>curas</strong></span> <span class='ocrx_word' id='word_1_14' title='bbox 939 754 988 840; x_wconf 93' lang='lat' dir='ltr'><strong>in</strong></span> <span class='ocrx_word' id='word_1_15' title='bbox 1023 751 1307 876; x_wconf 80' lang='lat' dir='ltr'><strong>explanando</strong></span> 
     </span>
     <span class='ocr_line' id='line_1_4' title="bbox 242 909 1309 1037; baseline -0.005 -33"><span class='ocrx_word' id='word_1_16' title='bbox 242 944 390 1014; x_wconf 85' lang='lat' dir='ltr'><strong>sensu.</strong></span> <span class='ocrx_word' id='word_1_17' title='bbox 410 913 469 1012; x_wconf 89' lang='lat' dir='ltr'><strong>Et</strong></span> <span class='ocrx_word' id='word_1_18' title='bbox 486 909 678 1026; x_wconf 88' lang='lat' dir='ltr'><strong>ideirco,</strong></span> <span class='ocrx_word' id='word_1_19' title='bbox 700 911 919 1035; x_wconf 86' lang='lat' dir='ltr'><strong>pauculas</strong></span> <span class='ocrx_word' id='word_1_20' title='bbox 948 943 1060 1037; x_wconf 87' lang='lat' dir='ltr'><strong>quas</strong></span> <span class='ocrx_word' id='word_1_21' title='bbox 1089 910 1145 1002; x_wconf 90' lang='lat' dir='ltr'><strong>de</strong></span> <span class='ocrx_word' id='word_1_22' title='bbox 1169 913 1309 1001; x_wconf 85' lang='lat' dir='ltr'><strong>inter-</strong></span> 
     </span>
     <span class='ocr_line' id='line_1_5' title="bbox 239 1070 1310 1193; baseline 0.004 -37"><span class='ocrx_word' id='word_1_23' title='bbox 239 1071 495 1193; x_wconf 78' lang='lat' dir='ltr'>pretatione</span> <span class='ocrx_word' id='word_1_24' title='bbox 527 1070 676 1160; x_wconf 88' lang='lat' dir='ltr'><strong>emisit</strong></span> <span class='ocrx_word' id='word_1_25' title='bbox 705 1089 838 1160; x_wconf 90' lang='lat' dir='ltr'><strong>notas</strong></span> <span class='ocrx_word' id='word_1_26' title='bbox 867 1101 963 1160; x_wconf 91' lang='lat' dir='ltr'><strong>non</strong></span> <span class='ocrx_word' id='word_1_27' title='bbox 998 1072 1210 1174; x_wconf 83' lang='lat' dir='ltr'><strong>omittere</strong></span> <span class='ocrx_word' id='word_1_28' title='bbox 1243 1103 1310 1160; x_wconf 85' lang='lat' dir='ltr'><strong>se·</strong></span> 
     </span>
     <span class='ocr_line' id='line_1_6' title="bbox 240 1225 956 1351; baseline -0.001 -33"><span class='ocrx_word' id='word_1_29' title='bbox 240 1227 352 1328; x_wconf 88' lang='lat' dir='ltr'><strong>dulo</strong></span> <span class='ocrx_word' id='word_1_30' title='bbox 369 1249 415 1334; x_wconf 80' lang='lat' dir='ltr'><strong>et</strong></span> <span class='ocrx_word' id='word_1_31' title='bbox 433 1225 631 1330; x_wconf 80' lang='lat' dir='ltr'>studiose</span> <span class='ocrx_word' id='word_1_32' title='bbox 649 1231 956 1351; x_wconf 73' lang='lat' dir='ltr'><strong>praecavimus.</strong></span> 
     </span>
    </p>

    <p class='ocr_par' dir='ltr' id='par_1_3' title="bbox 240 1384 1312 1977">
     <span class='ocr_line' id='line_1_7' title="bbox 301 1384 1311 1514; baseline -0.001 -37"><span class='ocrx_word' id='word_1_33' title='bbox 301 1390 345 1484; x_wconf 90' lang='lat' dir='ltr'>N</span> <span class='ocrx_word' id='word_1_34' title='bbox 346 1419 408 1477; x_wconf 97' lang='lat' dir='ltr'><strong>on</strong></span> <span class='ocrx_word' id='word_1_35' title='bbox 436 1384 774 1514; x_wconf 80' lang='lat' dir='ltr'><strong>dedignandam</strong></span> <span class='ocrx_word' id='word_1_36' title='bbox 791 1388 903 1477; x_wconf 90' lang='lat' dir='ltr'><strong>item</strong></span> <span class='ocrx_word' id='word_1_37' title='bbox 922 1389 1181 1480; x_wconf 88' lang='lat' dir='ltr'><strong>censuimus</strong></span> <span class='ocrx_word' id='word_1_38' title='bbox 1204 1419 1311 1511; x_wconf 89' lang='lat' dir='ltr'><strong>ope·</strong></span> 
     </span>
     <span class='ocr_line' id='line_1_8' title="bbox 240 1544 1312 1669; baseline -0.01 -25"><span class='ocrx_word' id='word_1_39' title='bbox 240 1575 342 1644; x_wconf 79' lang='lat' dir='ltr'><strong>ram</strong></span> <span class='ocrx_word' id='word_1_40' title='bbox 360 1577 502 1669; x_wconf 89' lang='lat' dir='ltr'><strong>quam</strong></span> <span class='ocrx_word' id='word_1_41' title='bbox 528 1547 577 1636; x_wconf 92' lang='lat' dir='ltr'><strong>in</strong></span> <span class='ocrx_word' id='word_1_42' title='bbox 595 1547 812 1640; x_wconf 87' lang='lat' dir='ltr'><strong>Terentio</strong></span> <span class='ocrx_word' id='word_1_43' title='bbox 832 1545 1071 1638; x_wconf 88' lang='lat' dir='ltr'><strong>collocavit</strong></span> <span class='ocrx_word' id='word_1_44' title='bbox 1091 1548 1187 1637; x_wconf 90' lang='lat' dir='ltr'><strong>sine</strong></span> <span class='ocrx_word' id='word_1_45' title='bbox 1213 1544 1312 1634; x_wconf 90' lang='lat' dir='ltr'><strong>ullo</strong></span> 
     </span>
     <span class='ocr_line' id='line_1_9' title="bbox 242 1699 1311 1826; baseline 0.002 -37"><span class='ocrx_word' id='word_1_46' title='bbox 242 1699 387 1818; x_wconf 86' lang='lat' dir='ltr'><strong>fastu,</strong></span> <span class='ocrx_word' id='word_1_47' title='bbox 410 1723 456 1796; x_wconf 87' lang='lat' dir='ltr'><strong>et</strong></span> <span class='ocrx_word' id='word_1_48' title='bbox 483 1705 531 1794; x_wconf 93' lang='lat' dir='ltr'><strong>in</strong></span> <span class='ocrx_word' id='word_1_49' title='bbox 554 1737 691 1796; x_wconf 85' lang='lat' dir='ltr'><strong>usum</strong></span> <span class='ocrx_word' id='word_1_50' title='bbox 716 1703 1039 1796; x_wconf 89' lang='lat' dir='ltr'><strong>tantummodo</strong></span> <span class='ocrx_word' id='word_1_51' title='bbox 1058 1704 1311 1826; x_wconf 84' lang='lat' dir='ltr'><strong>juventutis</strong></span> 
     </span>
     <span class='ocr_line' id='line_1_10' title="bbox 243 1862 1196 1977; baseline 0.002 -28"><span class='ocrx_word' id='word_1_52' title='bbox 243 1862 333 1949; x_wconf 80' lang='lat' dir='ltr'><strong>Jos</strong></span> <span class='ocrx_word' id='word_1_53' title='bbox 354 1863 620 1977; x_wconf 73' lang='lat' dir='ltr'><strong>Juruncrus,</strong></span> <span class='ocrx_word' id='word_1_54' title='bbox 640 1863 865 1953; x_wconf 88' lang='lat' dir='ltr'><strong>societatis</strong></span> <span class='ocrx_word' id='word_1_55' title='bbox 882 1864 1002 1951; x_wconf 90' lang='lat' dir='ltr'><strong>Jesu.</strong></span> <span class='ocrx_word' id='word_1_56' title='bbox 1194 1873 1196 1880; x_wconf 85' lang='lat'>&#39;</span> 
     </span>
    </p>

    <p class='ocr_par' dir='ltr' id='par_1_4' title="bbox 305 2017 1313 2147">
     <span class='ocr_line' id='line_1_11' title="bbox 305 2017 1313 2147; baseline -0.006 -33"><span class='ocrx_word' id='word_1_57' title='bbox 305 2018 448 2114; x_wconf 89' lang='lat' dir='ltr'><strong>Nobis</strong></span> <span class='ocrx_word' id='word_1_58' title='bbox 485 2017 711 2147; x_wconf 81' lang='lat' dir='ltr'><strong>denique,</strong></span> <span class='ocrx_word' id='word_1_59' title='bbox 748 2055 802 2113; x_wconf 85' lang='lat' dir='ltr'><strong>ex</strong></span> <span class='ocrx_word' id='word_1_60' title='bbox 842 2022 994 2114; x_wconf 86' lang='lat' dir='ltr'><strong>latinis</strong></span> <span class='ocrx_word' id='word_1_61' title='bbox 1039 2040 1313 2113; x_wconf 89' lang='lat' dir='ltr'><strong>commenta·</strong></span> 
     </span>
    </p>
   </div>
   <div class='ocr_carea' id='block_1_3' title="bbox 243 2179 1315 2312">
    <p class='ocr_par' dir='ltr' id='par_1_5' title="bbox 243 2179 1315 2312">
     <span class='ocr_line' id='line_1_12' title="bbox 243 2179 1315 2312; baseline -0.005 -41"><span class='ocrx_word' id='word_1_62' title='bbox 243 2180 349 2295; x_wconf 84' lang='lat' dir='ltr'><strong>riis,</strong></span> <span class='ocrx_word' id='word_1_63' title='bbox 381 2179 582 2282; x_wconf 88' lang='lat' dir='ltr'><strong>multum</strong></span> <span class='ocrx_word' id='word_1_64' title='bbox 608 2181 782 2312; x_wconf 87' lang='lat' dir='ltr'><strong>profuit</strong></span> <span class='ocrx_word' id='word_1_65' title='bbox 804 2184 1142 2305; x_wconf 83' lang='lat' dir='ltr'><strong>interpretatio,</strong></span> <span class='ocrx_word' id='word_1_66' title='bbox 1173 2211 1315 2305; x_wconf 91' lang='lat' dir='ltr'><strong>quam</strong></span> 
     </span>
    </p>
   </div>
   <div class='ocr_carea' id='block_1_4' title="bbox 242 2338 1319 4047">
    <p class='ocr_par' dir='ltr' id='par_1_6' title="bbox 245 2338 1316 3098">
     <span class='ocr_line' id='line_1_13' title="bbox 245 2338 1315 2461; baseline 0.002 -35"><span class='ocrx_word' id='word_1_67' title='bbox 245 2339 395 2428; x_wconf 87' lang='lat' dir='ltr'><strong>soluto</strong></span> <span class='ocrx_word' id='word_1_68' title='bbox 433 2372 642 2442; x_wconf 86' lang='lat' dir='ltr'><strong>sermone</strong></span> <span class='ocrx_word' id='word_1_69' title='bbox 676 2341 796 2440; x_wconf 82' lang='lat' dir='ltr'><strong>infre</strong></span> <span class='ocrx_word' id='word_1_70' title='bbox 836 2361 1013 2433; x_wconf 84' lang='lat' dir='ltr'><strong>textum</strong></span> <span class='ocrx_word' id='word_1_71' title='bbox 1050 2338 1315 2461; x_wconf 82' lang='lat' dir='ltr'><strong>subscripsit</strong></span> 
     </span>
     <span class='ocr_line' id='line_1_14' title="bbox 245 2495 1312 2618; baseline -0.001 -34"><span class='ocrx_word' id='word_1_72' title='bbox 245 2495 533 2618; x_wconf 87' lang='lat' dir='ltr'><strong>Delphiniaci</strong></span> <span class='ocrx_word' id='word_1_73' title='bbox 557 2499 776 2589; x_wconf 65' lang='lat' dir='ltr'><strong>vTerentii</strong></span> <span class='ocrx_word' id='word_1_74' title='bbox 815 2497 963 2592; x_wconf 86' lang='lat' dir='ltr'><strong>editor</strong></span> <span class='ocrx_word' id='word_1_75' title='bbox 1004 2501 1105 2588; x_wconf 84' lang='lat' dir='ltr'><strong>Nm.</strong></span> <span class='ocrx_word' id='word_1_76' title='bbox 1143 2499 1312 2588; x_wconf 70' lang='lat' dir='ltr'><strong>Currus.</strong></span> 
     </span>
     <span class='ocr_line' id='line_1_15' title="bbox 248 2653 1316 2774; baseline -0.002 -30"><span class='ocrx_word' id='word_1_77' title='bbox 248 2653 388 2774; x_wconf 90' lang='lat' dir='ltr'><strong>Cujus</strong></span> <span class='ocrx_word' id='word_1_78' title='bbox 431 2655 598 2744; x_wconf 80' lang='lat' dir='ltr'><strong>auxilio</strong></span> <span class='ocrx_word' id='word_1_79' title='bbox 635 2653 784 2756; x_wconf 89' lang='lat' dir='ltr'><strong>lucide</strong></span> <span class='ocrx_word' id='word_1_80' title='bbox 816 2654 1066 2748; x_wconf 88' lang='lat' dir='ltr'><strong>admodum</strong></span> <span class='ocrx_word' id='word_1_81' title='bbox 1099 2685 1316 2745; x_wconf 85' lang='lat' dir='ltr'><strong>versuum</strong></span> 
     </span>
     <span class='ocr_line' id='line_1_16' title="bbox 247 2811 1316 2938; baseline -0.001 -36"><span class='ocrx_word' id='word_1_82' title='bbox 247 2815 520 2920; x_wconf 77' lang='lat' dir='ltr'><strong>sententiam</strong></span> <span class='ocrx_word' id='word_1_83' title='bbox 553 2813 854 2929; x_wconf 84' lang='lat' dir='ltr'><strong>reddidimus,</strong></span> <span class='ocrx_word' id='word_1_84' title='bbox 892 2811 973 2908; x_wconf 89' lang='lat' dir='ltr'><strong>ubi</strong></span> <span class='ocrx_word' id='word_1_85' title='bbox 1007 2815 1166 2938; x_wconf 87' lang='lat' dir='ltr'><strong>saepius</strong></span> <span class='ocrx_word' id='word_1_86' title='bbox 1199 2831 1316 2902; x_wconf 89' lang='lat' dir='ltr'><strong>tace·</strong></span> 
     </span>
     <span class='ocr_line' id='line_1_17' title="bbox 247 2969 867 3098; baseline -0.01 -30"><span class='ocrx_word' id='word_1_87' title='bbox 247 2969 360 3068; x_wconf 86' lang='lat' dir='ltr'><strong>bant</strong></span> <span class='ocrx_word' id='word_1_88' title='bbox 377 2971 542 3098; x_wconf 83' lang='lat' dir='ltr'><strong>reliqui</strong></span> <span class='ocrx_word' id='word_1_89' title='bbox 563 2971 867 3076; x_wconf 86' lang='lat' dir='ltr'><strong>adnotatores.</strong></span> 
     </span>
    </p>

    <p class='ocr_par' dir='ltr' id='par_1_7' title="bbox 242 3126 1319 4047">
     <span class='ocr_line' id='line_1_18' title="bbox 307 3126 1318 3257; baseline -0.001 -40"><span class='ocrx_word' id='word_1_90' title='bbox 307 3132 563 3246; x_wconf 85' lang='lat' dir='ltr'><strong>Pauciores,</strong></span> <span class='ocrx_word' id='word_1_91' title='bbox 587 3164 851 3257; x_wconf 85' lang='lat' dir='ltr'><strong>quanquam</strong></span> <span class='ocrx_word' id='word_1_92' title='bbox 880 3152 1036 3224; x_wconf 88' lang='lat' dir='ltr'><strong>tamen</strong></span> <span class='ocrx_word' id='word_1_93' title='bbox 1059 3161 1155 3219; x_wconf 90' lang='lat' dir='ltr'><strong>non</strong></span> <span class='ocrx_word' id='word_1_94' title='bbox 1175 3126 1318 3255; x_wconf 84' lang='lat' dir='ltr'><strong>negli-</strong></span> 
     </span>
     <span class='ocr_line' id='line_1_19' title="bbox 248 3277 1316 3415; baseline -0.003 -39"><span class='ocrx_word' id='word_1_95' title='bbox 248 3285 403 3414; x_wconf 78' lang='lat' dir='ltr'><strong>gendae</strong></span> <span class='ocrx_word' id='word_1_96' title='bbox 426 3289 652 3405; x_wconf 76' lang='lat' dir='ltr'><strong>utilitatis,</strong></span> <span class='ocrx_word' id='word_1_97' title='bbox 675 3291 724 3385; x_wconf 87' lang='lat' dir='ltr'><strong>iu</strong></span> <span class='ocrx_word' id='word_1_98' title='bbox 741 3289 985 3382; x_wconf 90' lang='lat' dir='ltr'><strong>vernacula</strong></span> <span class='ocrx_word' id='word_1_99' title='bbox 1009 3289 1165 3415; x_wconf 80' lang='lat' dir='ltr'><strong>lingua</strong></span> <span class='ocrx_word' id='word_1_100' title='bbox 1183 3277 1316 3376; x_wconf 86' lang='lat' dir='ltr'><strong>nobis</strong></span> 
     </span>
     <span class='ocr_line' id='line_1_20' title="bbox 248 3444 1318 3572; baseline -0.003 -37"><span class='ocrx_word' id='word_1_101' title='bbox 248 3447 440 3571; x_wconf 77' lang='lat' dir='ltr'><strong>contigit</strong></span> <span class='ocrx_word' id='word_1_102' title='bbox 454 3477 562 3569; x_wconf 91' lang='lat' dir='ltr'><strong>opes</strong></span> <span class='ocrx_word' id='word_1_103' title='bbox 571 3449 788 3538; x_wconf 88' lang='lat' dir='ltr'><strong>invenire.</strong></span> <span class='ocrx_word' id='word_1_104' title='bbox 804 3450 1035 3572; x_wconf 84' lang='lat' dir='ltr'><strong>Namque,</strong></span> <span class='ocrx_word' id='word_1_105' title='bbox 1055 3446 1220 3536; x_wconf 89' lang='lat' dir='ltr'><strong>omissa</strong></span> <span class='ocrx_word' id='word_1_106' title='bbox 1233 3444 1318 3532; x_wconf 89' lang='lat' dir='ltr'><strong>Da·</strong></span> 
     </span>
     <span class='ocr_line' id='line_1_21' title="bbox 246 3603 1317 3729; baseline 0 -39"><span class='ocrx_word' id='word_1_107' title='bbox 246 3603 406 3720; x_wconf 89' lang='lat' dir='ltr'><strong>cieria,</strong></span> <span class='ocrx_word' id='word_1_108' title='bbox 427 3637 568 3729; x_wconf 82' lang='lat' dir='ltr'><strong>quam</strong></span> <span class='ocrx_word' id='word_1_109' title='bbox 599 3608 706 3696; x_wconf 90' lang='lat' dir='ltr'><strong>satis</strong></span> <span class='ocrx_word' id='word_1_110' title='bbox 734 3627 823 3721; x_wconf 89' lang='lat' dir='ltr'><strong>est,</strong></span> <span class='ocrx_word' id='word_1_111' title='bbox 849 3627 902 3700; x_wconf 91' lang='lat' dir='ltr'><strong>ut</strong></span> <span class='ocrx_word' id='word_1_112' title='bbox 930 3623 1166 3728; x_wconf 84' lang='lat' dir='ltr'><strong>putamus,</strong></span> <span class='ocrx_word' id='word_1_113' title='bbox 1192 3633 1317 3691; x_wconf 89' lang='lat' dir='ltr'><strong>nunc</strong></span> 
     </span>
     <span class='ocr_line' id='line_1_22' title="bbox 246 3759 1318 3878; baseline -0.003 -28"><span class='ocrx_word' id='word_1_114' title='bbox 246 3764 509 3878; x_wconf 88' lang='lat' dir='ltr'><strong>nominare,</strong></span> <span class='ocrx_word' id='word_1_115' title='bbox 534 3766 720 3856; x_wconf 87' lang='lat' dir='ltr'><strong>accessit</strong></span> <span class='ocrx_word' id='word_1_116' title='bbox 742 3766 792 3854; x_wconf 90' lang='lat' dir='ltr'><strong>in</strong></span> <span class='ocrx_word' id='word_1_117' title='bbox 816 3761 1071 3856; x_wconf 89' lang='lat' dir='ltr'><strong>subsidium</strong></span> <span class='ocrx_word' id='word_1_118' title='bbox 1088 3759 1318 3851; x_wconf 85' lang='lat' dir='ltr'><strong>recentior</strong></span> 
     </span>
     <span class='ocr_line' id='line_1_23' title="bbox 242 3921 1319 4047; baseline 0 -39"><span class='ocrx_word' id='word_1_119' title='bbox 242 3921 443 4012; x_wconf 90' lang='lat' dir='ltr'><strong>Terentii</strong></span> <span class='ocrx_word' id='word_1_120' title='bbox 466 3925 781 4047; x_wconf 84' lang='lat' dir='ltr'><strong>interpretatio</strong></span> <span class='ocrx_word' id='word_1_121' title='bbox 800 3923 997 4020; x_wconf 79' lang='lat' dir='ltr'><strong>CL.V1e.</strong></span> <span class='ocrx_word' id='word_1_122' title='bbox 1019 3922 1319 4030; x_wconf 75' lang='lat' dir='ltr'><strong>Leucesiae,</strong></span> 
     </span>
    </p>
   </div>
   <div class='ocr_carea' id='block_1_5' title="bbox 0 0 1515 4866">
    <p class='ocr_par' dir='ltr' id='par_1_8' title="bbox 0 0 1515 4866">
     <span class='ocr_line' id='line_1_24' title="bbox 0 0 1515 4866; baseline 0 0"><span class='ocrx_word' id='word_1_123' title='bbox 0 0 1515 4866; x_wconf 95' lang='lat' dir='ltr'><strong> </strong></span> 
     </span>
    </p>
   </div>
  </div>
 </body>
</html>
