3014 4860
300 345 377 432 [130
521 345 705 414 PUBLII
732 345 993 416 TERENTII
1021 349 1147 417 tritt

298 483 388 550 Cmt.
417 473 510 566 Quid
540 477 588 546 rei
617 491 723 564 esset,
748 474 830 546 dixti
864 476 967 546 huic?
995 479 1079 549 Srn.
1108 479 1187 549 Dixi
1217 478 1379 577 pleraque

298 608 768 786 Can-Capidllddhrgentum,
780 714 819 759 ac
837 689 941 759 defer.
958 693 1170 787 Sualzquid
1186 708 1265 780 stas,
1275 621 1379 794 lapidi

299 798 393 887 Quin
422 795 567 917 accipis?
588 800 689 868 Cmr.
716 794 810 867 Cedo
837 822 929 866 sane.
955 800 1037 870 Srn.
1064 801 1209 896 Sequere
1231 801 1298 874 hae
1323 830 1377 874 me

297 1013 350 1080 Tu
371 1011 426 1080 hic
448 928 626 1098 ridillsdum
649 1012 796 1099 eximus,
815 1012 942 1081 interea
964 1013 1185 1107 opperibere:

297 1120 386 1188 Nam
403 1116 486 1186 nihil
505 1132 570 1206 est,
588 1115 654 1186 illic
676 1115 767 1212 quod
785 1142 956 1188 moremur
973 1119 1109 1189 diutius.

299 1227 390 1295 Cna.
407 1225 518 1294 Minas
534 1224 669 1319 quidem
684 1225 755 1318 jam
772 1224 889 1296 decem
905 1225 1009 1295 habet
1024 1251 1044 1294 a
1060 1251 1115 1296 me
1130 1224 1216 1314 lilia,
1339 1259 1376 1300 m

297 1462 418 1534 phonem
431 1460 486 1513 huc
498 1459 579 1513 sistat.
595 1458 700 1512 Boecler.
716 1489 757 1502 -
770 1460 814 1511 ln·
859 1461 901 1512 Ita
920 1473 948 1513 et
964 1457 1043 1512 Bodl.
1062 1460 1107 1514 Br.
1126 1459 1218 1514 Brcnd.
1232 1461 1279 1516 W
1274 1475 1321 1514 est·
1336 1493 1377 1507 -

297 1563 350 1615 que.
373 1568 385 1590 «
394 1541 452 1594 Dic.
463 1564 476 1588 ι
493 1537 644 1610 Clitiphoni
656 1538 812 1591 insusurrat.
861 1540 938 1608 Quin.
952 1539 1009 1592 Cur
1020 1559 1087 1594 non.
1098 1572 1139 1584 -
1153 1541 1220 1594 Cedo
1233 1560 1299 1596 sene.
1312 1542 1376 1596 Haec

298 1621 393 1693 Catph.
411 1631 504 1673 monet
521 1637 583 1672 raro
602 1631 698 1689 preter
717 1623 814 1691 inquam
858 1619 979 1691 Clitipho
993 1618 1027 1694 ad
1040 1633 1204 1690 patrem-
1214 1620 1317 1695 Sequere
1331 1625 1377 1675 hac

297 1714 325 1754 et
335 1703 412 1774 inquit
423 1699 545 1769 reperiri.
555 1729 596 1741 -
608 1700 700 1752 Eccum
710 1698 750 1750 hic
761 1699 813 1751 tibi.
859 1719 895 1751 me
908 1703 983 1752 ocius.
996 1699 1081 1773 Syrus
1096 1700 1192 1754 callide
1207 1702 1331 1756 festinat:
1346 1716 1378 1756 ut

301 1783 396 1834 «Ecce
411 1797 472 1833 eum
493 1779 559 1842 tibi,
581 1797 662 1849 quem
679 1779 785 1850 queris.
799 1804 810 1826 ι
858 1781 914 1832 aeni
930 1779 1041 1851 quidem
1055 1778 1215 1835 industriam
1233 1801 1310 1836 auam
1328 1801 1375 1854 ap·

297 1861 406 1916 Comice
421 1857 653 1930 circumloquitur‚
665 1856 740 1929 quod
751 1859 813 1911 bre·
857 1859 973 1932 probare
991 1859 1128 1927 videatur3
1144 1881 1174 1915 re
1191 1880 1255 1916 vcra
1271 1875 1375 1927 autem,

295 1942 355 1996 vim
365 1939 464 2006 modo;
475 1958 553 1992 eccum
563 1957 610 2004 mc,
619 1936 647 1990 id
659 1948 709 2004 est,
718 1937 814 1993 adsum.
858 1951 889 1992 ut
899 1940 1156 2011 Clitiphonem,non
1170 1943 1233 1996 satis
1246 1939 1375 1996 idoneum

285 2023 375 2076 'Boecl.
857 2017 937 2073 docte
966 2020 1036 2073 ferre
1064 2020 1212 2088 fallaciam,
1243 2035 1374 2076 amoveat.

339 2094 814 2172 830.Dictihuic.Marlr.addit'Syre.
857 2099 989 2152 Boecleras.

298 2180 424 2253 -Quid
437 2185 473 2233 rei
484 2191 618 2242 esset‚etc.
629 2176 757 2232 Chremes
767 2179 816 2251 Sy·
899 2179 967 2234 833.
990 2179 1145 2250 Opperibere.
1163 2181 1224 2234 Par.
1244 2201 1296 2254 pro
1315 2201 1374 2236 var.

295 2280 358 2316 rum
374 2261 526 2332 compellat.
539 2291 580 2302 -
592 2259 711 2330 Pleraque
724 2263 813 2312 omnia.
857 2264 987 2332 oppericrc.
1001 2291 1041 2303 -
1059 2263 1084 2314 T
1083 2282 1113 2327 u,
1128 2261 1254 2316 Chreme.
1269 2295 1310 2305 —-
1323 2263 1375 2315 Hr'c

301 2343 391 2395 «Fere
418 2341 540 2394 omnia.»
564 2338 639 2398 Nisi,
665 2352 696 2392 ut
719 2339 815 2392 volunt
858 2358 920 2401 nos,
937 2341 994 2392 dum
1009 2343 1114 2406 ecimus,
1130 2355 1180 2395 etc.
1200 2339 1304 2396 Eodem
1317 2342 1376 2396 fere

296 2420 479 2482 Grammatici‚
488 2420 664 2492 autplemquc,
676 2433 724 2472 aut
734 2422 814 2472 omnia
857 2417 957 2486 modo,
973 2420 1059 2475 Andr.
1072 2441 1111 2476 vs.
1128 2423 1194 2492 978.
1208 2455 1249 2464 —
1267 2423 1375 2494 Opperi-

297 2499 425 2555 abundet.
857 2499 919 2553 berc.
935 2500 1085 2573 Antiquum
1107 2514 1147 2555 eat
1161 2503 1305 2574 opperibor,
1322 2521 1374 2574 pro

335 2580 403 2635 831.
420 2580 487 2634 Srn.
499 2581 524 2636 1.
536 2579 579 2633 Sic
590 2579 636 2633 Fa.
651 2578 720 2632 Perl.
733 2577 812 2633 Both.
857 2585 976 2652 opperiar.

297 2663 369 2715 Dant
382 2661 426 2714 alii
439 2662 486 2712 hei.
503 2661 533 2714 Z.
548 2661 581 2713 Ii.
594 2659 638 2712 Br.
653 2672 681 2713 et
694 2659 755 2712 Par.
767 2661 812 2713 Ei.
898 2661 966 2724 834.
979 2661 1046 2714 Nam
1062 2661 1125 2713 nihil
1135 2673 1185 2723 est,
1202 2663 1253 2714 illic
1262 2663 1330 2735 quod
1341 2683 1373 2718 m.

296 2773 336 2785 -
359 2741 426 2812 Cape
446 2742 490 2794 hoc
510 2751 646 2811 argentum.
667 2738 813 2806 Similiter,
856 2739 1035 2812 Distinguunt
1046 2741 1175 2807 alii,rmm
1186 2743 1249 2795 nihil
1258 2755 1309 2806 est,
1322 2743 1374 2795 illac

296 2821 467 2874 Eunuchve.
480 2820 533 2884 504
544 2839 551 2873 :
562 2819 811 2890 capcltocflabellum.
856 2821 923 2893 quod
933 2841 964 2874 m.
980 2821 1005 2876 d.
1022 2821 1064 2875 Itu
1075 2821 1136 2894 Bip.
1151 2823 1250 2894 Delph.
1263 2823 1372 2876 Nullam

295 2902 434 2965 -Defen
449 2899 493 2953 Ad
505 2897 676 2954 Bacchidem.
690 2927 731 2942 -·
745 2900 815 2970 Quid
856 2913 944 2954 tamen
970 2899 1170 2955 distinctionem
1197 2921 1287 2974 neque
1312 2915 1374 2974 post

295 2975 440 3032 stasdltid.
455 2979 541 3033 Andr.
553 2998 592 3033 ve.
605 2981 671 3048 980.
680 2981 811 3051 ——Lapis.
855 2993 907 3045 est,
921 3000 1009 3053 neque
1023 2994 1083 3052 post
1093 2982 1145 3034 illic
1155 2981 1221 3036 dant
1232 2984 1277 3036 Br.
1291 2983 1371 3037 Both.

296 3060 456 3114 Convicium
476 3058 563 3112 estin
583 3059 720 3112 hominem
740 3059 812 3112 stoli·
854 3091 896 3103 —
918 3055 988 3112 Nam
1006 3061 1140 3127 ailitem,
1161 3063 1211 3114 teuc
1226 3061 1293 3134 qaod
1310 3083 1372 3115 mor.

295 3139 413 3204 dum,ut
427 3139 511 3200 infra,
526 3157 563 3191 vs.
581 3139 657 3208 9183
673 3150 699 3190 et
712 3138 810 3209 Hecyr.
855 3139 968 3210 Explica
989 3140 1055 3213 quod
1074 3159 1125 3212 per
1140 3163 1190 3195 cur.
1211 3143 1276 3196 Haec
1296 3141 1373 3196 addit

295 3239 361 3275 vers.
378 3237 443 3288 ¹19·
455 3251 494 3261 —
507 3219 537 3270 l:
549 3219 609 3290 quid
617 3230 669 3269 stas
681 3213 765 3288 lapis?
775 3219 811 3272 V.
856 3218 953 3292 Syrus,
965 3237 1000 3272 ne
1009 3220 1138 3276 Chremes
1150 3223 1372 3294 suspiceturcau·

294 3301 388 3355 Franc.
402 3298 572 3353 Fabric.Hoeo
585 3299 666 3352 verba
673 3298 812 3352 Chremeti
855 3317 910 3352 sam
919 3300 1056 3370 quesitam
1065 3300 1138 3370 apud
1145 3301 1308 3356 Bacchidem
1317 3323 1372 3357 ma·

293 3383 415 3452 Guyetua
424 3379 532 3444 tribuit,
541 3377 665 3449 adempta
672 3377 740 3451 Syro
750 3396 757 3431 :
768 3380 812 3432 oui
854 3377 945 3432 nendi.
958 3379 1023 3434 Sero
1037 3378 1145 3434 tandem
1156 3383 1274 3454 agnoscit
1285 3383 1370 3437 Chre-

294 3474 383 3516 tmnen
397 3460 460 3515 ideo
471 3459 564 3513 deberi
575 3458 665 3531 potius
674 3457 811 3525 videntur,
854 3477 911 3512 mea
923 3459 974 3512 sibi
985 3460 1076 3512 fucum
1093 3479 1148 3516 esse
1164 3464 1275 3527 lactum,
1287 3483 1372 3534 quan-

294 3554 325 3594 ut
337 3540 516 3594 admiratione
531 3549 701 3593 cunctantem
720 3537 810 3592 adole·
854 3537 900 3603 do,
906 3557 944 3593 va.
958 3538 1147 3605 883,miratur
1159 3561 1166 3594 :
1179 3541 1249 3596 «Sed
1261 3543 1369 3597 interim

294 3634 411 3676 scentem
427 3619 548 3692 impellat
565 3637 669 3672 memor
684 3619 809 3690 precepti
854 3616 921 3692 quid
935 3619 991 3673 illic
1003 3617 1164 3689 jamdudum
1179 3635 1272 3694 gnatus
1288 3635 1371 3677 cessat

294 3702 343 3754 sui.
357 3701 490 3754 Boeclerus.
854 3717 917 3752 cum
937 3699 1023 3772 Syro?
1036 3725 1047 3745 ι
1072 3701 1128 3766 Qui
1152 3715 1241 3756 tamen
1265 3701 1370 3774 dixerut

335 3782 401 3835 832.
414 3781 480 3835 Cedo
493 3799 559 3832 sane.
574 3777 664 3832 Guelf.
677 3779 709 3843 3,
722 3779 807 3842 credo,
853 3779 921 3832 nihil
946 3799 1020 3841 esee,
1043 3799 1091 3834 cur
1112 3781 1177 3834 illuc
1199 3797 1370 3837 morarentur

294 3863 397 3918 vitiose.
412 3894 453 3904 -
468 3860 571 3932 Sequere
587 3859 683 3910 haemo
699 3878 736 3912 oc.
755 3859 807 3912 Ma.
852 3857 962 3912 diutim.
974 3860 1077 3913 Bacler.

294 3943 368 4015 Lipa.
379 3942 449 3996 Stra.
459 3940 518 3992 Hac
532 3959 595 3990 nunc
608 3958 646 3992 oc.
655 3935 705 3990 Ed.
719 3939 807 3991 Anon.
895 3937 959 3994 835.
976 3941 1061 3994 Mirm
1077 3941 1170 4012 quidem
1178 3944 1251 4011 jam,
1269 3957 1319 3996 etc.
1335 3945 1368 3996 Iu

294 4039 319 4077 et
332 4021 383 4076 Ed.
397 4021 481 4074 Prim.
493 4019 560 4073 Sim.
577 4019 618 4072 Me
631 4019 676 4070 lrac
691 4039 754 4071 nanc
771 4037 806 4072 oc.
852 4017 925 4074 Edit.
934 4019 1048 4093 Bip.hic
1057 4022 1153 4094 incipit
1162 4036 1210 4076 eet.
1221 4023 1273 4090 IV,
1284 4043 1321 4077 ac.
1330 4042 1365 4076 rr.
