3014 4860
390 347 575 420 HEAUT.
603 349 713 418 lca.
745 346 907 433 1v‚sc.
935 345 962 412 1.
1137 341 1213 439 ³99

151 537 1170 565 mmmmmvmmuhuaemwswmmmmmnm
1174 543 1219 561 us

339 919 594 1025 Actus
637 920 1022 1056 QUARTUS.
1106 955 1111 968 -

588 1169 774 1217 -......·

439 1391 644 1482 SCENA
675 1383 918 1478 PRIMA?

235 1633 461 1702 CHREMES.
488 1633 642 1702 SYRUS.
671 1633 906 1702 SOSTRATA.
936 1632 1121 1704 NUTRIX.

147 1814 278 1935 Sosa.
300 1857 370 1928 Nisi
393 1883 446 1928 me
468 1860 596 1927 animus
618 1856 717 1946 fallit,
735 1859 790 1928 hic
811 1861 962 1953 prolecto
982 1875 1032 1930 est
1052 1862 1208 1951 annulus,

303 1989 402 2062 quem
425 1989 486 2060 ego
509 1965 671 2060 suspicor,

145 2074 194 2160 is,
212 2073 346 2166 quicum
362 2073 510 2166 exposita
529 2084 579 2140 est
594 2085 703 2164 gnata.
727 2072 814 2140 Cffla.
828 2071 919 2160 Quid
933 2071 1004 2140 volt
1023 2073 1101 2161 sibi,
1115 2076 1206 2166 Syre,

302 2178 373 2246 haec
393 2175 524 2245 oratio?
1167 2209 1205 2247 εις

143 2285 243 2353 Sosa·
266 2282 355 2370 Quid
375 2281 448 2352 est?
467 2285 542 2351 isne
564 2279 623 2350 tibi
646 2279 797 2349 videtur?
820 2283 911 2351 Not.
936 2285 1013 2352 Dixi
1031 2285 1203 2378 equidem,

302 2390 360 2458 ubi
377 2389 423 2456 mi
440 2386 624 2473 ostendisti,
640 2385 746 2466 illico,

143 2495 229 2561 Eum
249 2517 329 2562 ease.
348 2496 445 2563 Sosm
464 2494 508 2562 At
528 2507 567 2560 ut
584 2494 662 2561 satis
683 2492 906 2588 contemplata
927 2495 1027 2564 modo
1046 2497 1107 2584 sis,
1131 2521 1204 2566 mea

301 2599 422 2668 nutrix.
441 2601 534 2669 Noa.
553 2598 648 2667 Satis.
794 2609 796 2614 '

181 2799 194 2826 '
216 2805 279 2859 limo
300 2821 376 2858 aeona
405 2803 552 2876 Antiphila
579 2821 651 2858 reeo-
696 2821 757 2856 oana
779 2815 868 2856 natam
887 2803 1053 2877 Antiphilam
1073 2825 1204 2880 exponen·

142 2886 286 2955 guidonem
300 2885 420 2939 eontinet
441 2901 448 2937 ι
475 2901 506 2936 ex
517 2901 568 2955 qua
581 2883 652 2936 inter
695 2879 756 2936 dam
770 2879 847 2936 dedit
860 2884 956 2937 vetulo
969 2885 1091 2952 cuidam,
1102 2889 1146 2941 oui
1156 2908 1204 2944 no·

141 2965 231 3018 virum
243 2976 269 3016 et
286 2965 425 3035 conjugem
444 2963 579 3016 altercatio
595 2964 649 3016 on'-
695 2979 756 3014 man
769 2961 902 3029 Philtera3
916 2964 995 3018 aimul
1013 2968 1142 3021 annulum
1158 2969 1204 3022 ad·

142 3057 206 3096 tur:
226 3041 334 3095 demum
356 3043 544 3096 reconciliatio.
562 3041 649 3096 Simul
691 3041 789 3111 potuit,
803 3041 1201 3118 unde‚aioaauale1·aet,agno·

142 3122 209 3194 Syro
219 3121 388 3175 olleaturalia
397 3123 464 3175 ratio
475 3119 648 3192 extorquendi
691 3121 727 3173 aei
759 3119 903 3191 aliquando
932 3138 1021 3194 poaaet
1048 3141 1055 3176 t
1087 3127 1200 3180 aervavit

141 3213 288 3272 argentam.
307 3201 394 3271 Calpl.
691 3200 806 3270 puellam
820 3219 901 3266 anua,
929 3213 956 3254 et
973 3201 1064 3256 eluxit
1079 3223 1129 3276 pro
1142 3224 1197 3260 sua.

183 3286 249 3341 614.
262 3281 373 3334 Animus.
385 3279 494 3351 Opinio.
507 3311 547 3322 -
559 3280 647 3332 Annu-
691 3279 802 3332 Licebat
811 3292 899 3334 autem
912 3299 962 3352 per
972 3282 1145 3352 legealiberos
1155 3286 1196 3336 val

142 3362 186 3414 las.
198 3359 316 3412 Similem
326 3357 533 3430 mengnitiouem
544 3375 593 3431 per
602 3377 648 3412 on·
690 3375 806 3421 servare,
815 3360 856 3412 vel
871 3359 1028 3413 interlicere.
1044 3361 1147 3431 Nempe
1159 3383 1200 3414 ee·

140 3441 235 3494 nulum
254 3435 314 3491 vide
335 3439 364 3492 in
383 3439 481 3510 Hecyr.
499 3449 550 3492 aet.
558 3438 594 3490 V.
608 3469 647 3481 -
687 3455 785 3506 ponem,
795 3449 834 3490 eat
842 3439 922 3492 morti
930 3437 1034 3492 tradere
1041 3440 1198 3511 etobjioerq.

141 3519 247 3572 Poterat
262 3517 338 3571 facile
353 3518 468 3572 annulus
481 3517 550 3569 inter
566 3533 646 3569 eare-
690 3515 754 3569 Vid.
769 3529 846 3570 enter
857 3515 942 3570 Andr.
959 3535 1024 3587 ²¹9·

141 3597 272 3670 ferrique
283 3597 646 3668 Eunuch.752,monamanta
731 3599 795 3648 616.
820 3596 889 3664 Quid
903 3591 968 3648 est?
989 3597 1044 3648 Iam
1064 3598 1125 3660 etti,
1147 3613 1196 3654 ete.

139 3677 276 3731 dicuntur.
286 3670 375 3730 Perlet.
690 3673 805 3728 Soatrma
820 3673 853 3728 ad
868 3676 1000 3728 nutricem
1012 3676 1139 3747 loquitur.

180 3755 368 3828 615.Eeposita
379 3768 414 3808 eet
423 3767 508 3825 gnata.
520 3754 647 3809 Chremes
732 3758 799 3823 617.
813 3753 852 3806 Ae
862 3742 957 3806 adeatis
970 3767 1085 3827 contemp.
1094 3758 1158 3812 Mae.
1172 3769 1198 3812 et

140 3837 203 3889 olim
217 3833 386 3888 mandaverat
396 3836 474 3888 uxori
487 3853 540 3888 sum
552 3833 649 3888 Soatra·
691 3831 761 3886 Edd.
779 3833 843 3884 Vide
857 3833 991 3904 ingerunt.
1005 3835 1072 3888 Peri,
1098 3867 1138 3880 -
1158 3840 1198 3891 At

140 3929 186 3981 tm,
195 3928 242 3981 ut,
254 3915 276 3967 ai
289 3915 402 3986 puellam
415 3927 529 3985 pareret,
543 3931 602 3967 eam
614 3931 648 3964 ne
692 3924 720 3965 at
730 3916 790 3964 satis
799 3923 914 3982 contemp.
933 3926 983 3968 etc.
1001 3913 1118 3968 Subaudi
1130 3918 1195 3970 oilie.

138 3995 233 4060 aleret,
252 3992 299 4047 aed
314 4006 465 4064 exponeret.
483 3993 596 4046 δοιῐηῑα
609 4010 650 4046 ra·
692 3993 729 4046 Et
743 3990 852 4047 adnotat
865 3992 1044 4064 Calphurniua
1058 3995 1095 4050 aio
1106 3994 1160 4050 diei
1170 3999 1195 4050 in
