3014 4872
307 363 388 464 mv
473 395 536 464 nn
562 394 824 464 Tasaccora
850 396 906 462 nr
933 395 1182 478 common.

308 527 404 597 binos
428 525 691 597 adolescentulos
717 527 853 596 habent.
884 525 973 596 lllud
1002 550 1083 594 vero
1109 525 1288 594 tenendum
1308 539 1376 610 est,

308 648 385 729 post
418 634 487 700 νέαν
517 625 693 728 Κωμῳδίαν
725 637 860 704 Latinos
886 632 990 703 multa
1019 629 1219 701 Fabularum
1252 655 1377 728 genera

308 737 483 835 protulisse
498 765 505 806 a
520 754 558 809 ut
577 754 727 836 togatas,
749 765 768 808 a
788 741 924 810 scenicis
941 754 1040 834 atque
1059 739 1261 833 argumentis
1283 740 1376 807 Lati·

308 847 387 915 nis:
415 860 643 942 praetextatas,
671 847 714 916 ab
742 846 901 942 dignitate
931 869 1166 942 personarum,
1196 860 1230 914 et
1257 845 1378 914 Latina

309 953 472 1022 historia:
495 954 691 1040 Attellanas,
710 979 729 1024 a
756 955 889 1024 civitate
917 953 1124 1048 Campaniae,
1152 951 1210 1020 ubi
1233 951 1378 1019 actitatae

309 1074 387 1128 sunt
404 1057 575 1154 plurimae:
594 1061 837 1156 Rhyntonicas,
854 1060 1030 1130 abactoris
1051 1059 1204 1128 nomine:
1221 1057 1377 1125 taberna·

310 1167 391 1253 rias,
406 1166 448 1234 ab
460 1166 644 1236 humilitate
657 1170 843 1263 argumenti
857 1183 891 1236 et
904 1165 997 1261 styli:
1013 1168 1131 1235 mimos
1142 1214 1150 1248 ,
1162 1163 1204 1233 ab
1220 1163 1378 1232 diuturna
1397 1252 1401 1262 Ι

310 1274 491 1342 imitatione
510 1273 624 1342 vilium
642 1300 751 1344 rerum
767 1290 800 1343 et
812 1273 934 1344 levium
951 1295 1176 1368 personarum.
1192 1271 1378 1338 lnterTra-

309 1378 451 1474 goediam
467 1394 578 1449 autem
593 1396 627 1450 et
642 1381 849 1451 Comoediam
869 1405 972 1476 quum
991 1377 1109 1465 multa,
1128 1391 1200 1446 tum
1216 1375 1380 1476 inprimis

308 1485 374 1554 hoc
394 1485 509 1574 distat,
529 1487 620 1582 quod
637 1490 672 1557 in
692 1488 863 1559 Comoedia
883 1488 1066 1557 mediocres
1093 1484 1234 1554 fortunae
1260 1483 1377 1550 homi-

312 1616 393 1659 num
406 1644 416 1676 ‚
431 1595 525 1688 parvi
545 1597 688 1689 impetus
709 1595 937 1690 periculaque,
955 1593 1084 1687 latique
1102 1606 1179 1660 sunt
1200 1591 1309 1659 exitus
1322 1611 1379 1658 ac-

313 1700 453 1773 tionum·
473 1701 519 1769 Ar
542 1702 576 1770 in
595 1702 785 1798 Tragoedia,
802 1704 914 1772 omnia
936 1701 1117 1786 contraria,
1135 1700 1284 1792 ingentes
1302 1721 1379 1791 per·

313 1831 418 1891 sonae,
440 1810 552 1902 magni
581 1811 731 1898 timores,
752 1811 858 1879 exitus
887 1808 1007 1877 funesti
1035 1806 1208 1875 habentur.
1238 1806 1282 1873 Et
1310 1800 1379 1871 illic

313 1911 502 1983 turbulenta
516 1915 825 2011 prima,tranquilla
839 1914 963 1985 ultima.
979 1918 1017 1981 ln
1026 1911 1200 2008 Tragoedia
1211 1911 1379 1978 contrario

313 2018 429 2100 ordine
439 2045 491 2090 res
505 2038 658 2117 aguntur.
673 2025 759 2092 Turn
774 2023 863 2118 quod
876 2024 911 2091 in
925 2019 1116 2116 Tragoedia,
1127 2015 1280 2112 fugienda
1293 2016 1379 2100 vita3

314 2126 348 2193 in
362 2126 545 2216 Comoedia,
562 2129 764 2224 capessenda
777 2131 980 2225 exprimitur.
996 2129 1185 2210 Postremo,
1199 2121 1288 2218 quod
1302 2147 1379 2190 om-

315 2233 365 2300 nis
393 2234 555 2303 comoedia
577 2235 618 2304 de
634 2235 719 2306 fictis
734 2252 784 2307 est
799 2236 1025 2331 argumentis:
1044 2231 1216 2327 Tragoedia
1233 2253 1317 2323 saepe
1336 2227 1380 2294 ab

314 2338 472 2409 historica
492 2341 557 2410 fide
578 2334 710 2437 petitur.
730 2345 857 2413 Latinae
875 2341 1007 2411 Fabulae
1029 2341 1137 2436 primo
1158 2363 1181 2405 a·
1199 2337 1294 2406 Livio
1312 2336 1380 2402 An·

315 2443 453 2514 dronico
476 2449 605 2542 scriptae
628 2463 720 2536 sunt,
738 2450 840 2536 adeo,
856 2465 894 2517 ut
911 2448 952 2516 ad
968 2447 1029 2516 has
1050 2471 1102 2514 res
1117 2446 1215 2513 etiam
1237 2457 1306 2511 tum
1328 2464 1380 2508 re-

316 2565 429 2620 centes
446 2553 533 2623 idem
549 2569 583 2622 et
602 2571 700 2649 poetar
720 2571 753 2626 et
775 2570 869 2625 actor
887 2559 913 2623 F
914 2553 1086 2624 abularum
1106 2575 1239 2621 suarum
1256 2548 1379 2617 fuisset.

316 2658 495 2728 Comoedioe
511 2675 621 2729 autem
642 2665 791 2733 motoriae
809 2677 902 2747 sunt,
925 2675 982 2730 aut
996 2661 1158 2744 statariae,
1179 2672 1237 2725 aut
1256 2656 1378 2723 mixtae.

314 2765 485 2855 Motoriae,
515 2767 712 2838 turbulentae
726 2771 739 2824 ’ἓ
763 2771 927 2856 statariae,
952 2768 1130 2863 quietiores
1155 2790 1161 2831 :
1191 2765 1318 2848 mixtae,
1339 2785 1382 2829 ex

315 2884 458 2973 utroque
480 2889 556 2943 actu
585 2877 808 2946 consistentes.
831 2874 1002 2946 Comoedia
1021 2889 1087 2969 'per
1106 2885 1249 2966 quatuor
1271 2883 1382 2963 partes

316 2976 497 3068 dividitur;
527 2980 720 3077 prologum,
750 2985 919 3078 protasin,
950 2981 1110 3076 epitasin,
1124 2975 1381 3069 catastrophen.

316 3083 478 3179 Prologus
498 3103 549 3157 est
565 3087 656 3158 velut
673 3090 824 3184 praefatio
838 3089 989 3184 quaedam
1007 3084 1144 3170 fabulae,
1166 3085 1200 3151 in
1223 3107 1289 3177 quo
1311 3079 1382 3149 solo

318 3187 394 3258 licet
421 3209 541 3286 praeter
576 3212 809 3290 argumentum
834 3195 955 3290 aliquid
982 3193 1023 3262 ad
1054 3189 1232 3288 populum,
1257 3186 1317 3255 vet·
1342 3213 1384 3255 ex

318 3311 441 3390 poetae,
463 3299 516 3370 vel
536 3304 691 3398 exipsius
709 3302 844 3390 fabulae,
859 3302 911 3372 vel
933 3327 973 3370 ex
989 3301 1109 3369 actoris
1131 3294 1324 3381 commodo,
1338 3293 1384 3362 lo-

318 3405 384 3496 qui.
408 3407 551 3477 Protasis
566 3410 694 3504 primus
710 3425 760 3479 est
776 3425 886 3494 actus,
899 3410 1093 3502 initiumque
1111 3403 1279 3473 dramatis.
1301 3401 1382 3494 Epi-

315 3503 394 3578 tasis
405 3512 644 3584 incrementum
659 3541 898 3611 processusque
911 3515 1104 3594 turbarum,
1119 3535 1158 3580 ac
1169 3511 1327 3593 totius,ut
1339 3507 1385 3574 ita

318 3616 472 3706 dixerim,
492 3637 602 3691 motus
620 3625 752 3691 erroris.
771 3621 992 3716 Catastrophe
1014 3619 1186 3690 conversio
1204 3639 1315 3683 rerum
1334 3625 1385 3681 est

319 3722 361 3792 ad
380 3723 542 3812 jucundos
558 3731 679 3812 exitus,
693 3729 856 3823 patefacta
868 3728 994 3797 cunctis
1007 3725 1194 3821 cognitione
1206 3735 1384 3816 gestorum.

373 3833 545 3903 Comoedia
562 3850 612 3904 est
633 3834 744 3904 fabula
769 3834 792 3859 ¹⁰
811 3835 940 3905 diversa
960 3835 1109 3904 instituta
1127 3831 1317 3913 continens,
1343 3824 1387 3893 af·

363 4052 406 4086 ιο,
423 4033 546 4087 Comoedia
558 4047 595 4086 est¹
608 4035 705 4102 sabulo.
719 4037 751 4087 In
766 4035 827 4088 Mes.
874 4034 949 4088 Adeo
959 4043 1287 4105 ut,quaesequuntur,non
1297 4029 1384 4080 Evan-

320 4115 357 4168 εἰσ
368 4126 422 4167 est:
434 4113 475 4166 De
490 4114 620 4170 Comudc‘a.
631 4115 754 4168 Comoedia
764 4117 829 4182 ests.
875 4116 923 4170 thii
937 4115 1063 4187 amplius,
1082 4111 1128 4168 secl
1153 4111 1258 4164 alterius
1272 4104 1385 4161 auctoris
