3014 4860
450 384 616 482 nnAnr.
644 413 753 484 Aer.
782 415 851 500 rr,
879 413 949 482 so.
978 415 1020 480 v.
1042 427 1080 488 ,·
1127 366 1131 376 ’
1192 418 1262 499 421

197 549 287 617 Crrn.
311 542 436 614 Bonan’
452 542 537 614 fide?
559 546 640 615 Srn.
663 547 765 615 Bona.
790 546 880 616 Cnn.
903 543 1025 615 Hercle
1044 569 1112 615 non
1133 571 1268 641 possum

398 665 441 738 tl,

198 757 291 847 Quin
312 675 492 853 tibiacaput
510 756 727 826 demulceam.
749 756 879 826 Accede
896 757 983 844 huc,
1002 759 1099 854 Syre:
1167 849 1170 854 ἱ

198 865 329 934 Faciam
351 863 431 934 honi
453 863 512 933 tibi
529 863 653 959 aliquid
672 888 735 958 pro
754 865 816 933 ista
837 887 932 933 reae
953 862 1079 935 lubens.

197 973 279 1040 Srn.
299 973 343 1040 At
357 972 385 1040 si
406 971 489 1040 scias
506 995 605 1066 quam
626 971 706 1040 scite
723 972 757 1039 in
775 984 919 1040 mentem
939 973 1079 1042 venerit.

198 1079 289 1148 Cnn.
304 1077 403 1162 Vah,
425 1073 566 1172 gloriare
586 1077 734 1147 evenisse
754 1101 793 1146 ex
817 1075 1003 1146 sententia?
1228 1103 1266 1156 ,a

195 1183 277 1253 Srn.
289 1183 375 1262 ‚Non
391 1183 504 1255 hercle
524 1209 620 1269 vero,
636 1207 753 1254 verum
775 1183 859 1253 dico.
880 1185 969 1254 Cim.
987 1186 1052 1254 Dic
1073 1184 1241 1279 quidest?

195 1291 276 1360 Srn.
292 1292 356 1359 Tui
374 1288 573 1387 Clitiphonis
594 1315 664 1360 esse
683 1291 824 1360 amicam
845 1289 934 1360 hanc
952 1291 1172 1378 Bacchidem,

196 1395 398 1466 Menedemo
419 1397 501 1468 dixit
524 1396 650 1487 Clinia,
668 1412 702 1467 et
719 1421 758 1466 ea
778 1399 881 1492 gratia

195 1606 351 1680 higuitatem
372 1609 522 1673 cornicem
540 1609 711 1664 Chremetem
754 1609 794 1661 Ita
809 1608 838 1661 in
857 1609 939 1663 finem
952 1609 1073 1680 rejicitur
1090 1629 1143 1666 vox
1158 1609 1217 1677 illa,
1236 1623 1268 1664 nt

196 1687 345 1759 intelligere
362 1701 517 1761 argentum,
530 1687 627 1760 Syrum
640 1708 711 1744 ama-
754 1686 869 1742 vividius
880 1689 1045 1761 exprimatur
1053 1704 1144 1762 gratm
1156 1691 1266 1744 animur.

195 1779 274 1821 tores.
287 1766 353 1824 Ideo
366 1766 712 1840 doctissimurcditorjubet
795 1771 860 1838 764.
881 1770 912 1820 In
932 1782 1030 1822 menter·
1047 1789 1103 1824 wa.
1122 1771 1153 1824 C.
1175 1770 1209 1824 G.
1229 1789 1265 1822 m.

195 1847 314 1901 conferri
324 1847 357 1902 ad
368 1867 407 1902 re.
425 1855 491 1918 74¹·
581 1871 587 1878 ·
753 1845 887 1920 proponit
902 1850 967 1902 mitt.
988 1848 1052 1902 Itid.
1069 1850 1230 1904 Ital-At
1244 1855 1268 1901 st

238 1929 385 1998 761.Srn.
394 1929 475 1982 Bona.
486 1929 555 1984 Cnn.
564 1929 653 1982 Hercle
663 1947 711 1982 noa
754 1931 816 1979 scios
842 1947 930 2000 quom,
953 1940 1003 1982 etc.
1030 1927 1069 1982 Ut
1089 1927 1266 2000 adimpleatur

193 2026 293 2078 possm
304 2049 311 2074 ‚
329 2022 379 2063 etc.
392 2010 434 2062 Ita
450 2009 526 2063 Bent.
537 2021 564 2062 et
575 2020 635 2080 port
648 2027 710 2063 eum
754 2026 861 2072 censue,
872 2007 981 2080 supple:
992 2033 1004 2056 ι
1014 2006 1082 2062 Mihi
1090 2009 1175 2062 multo
1183 2011 1266 2081 magia

196 2087 295 2141 Perlet.
304 2099 331 2140 et
338 2086 580 2160 alii,dietinguunt,
590 2108 710 2144 commo·
754 2087 833 2141 etiam
845 2086 993 2158 plauderet.
1007 2113 1018 2136 ι

196 2165 258 2220 diua
278 2167 407 2236 formose,
430 2186 510 2238 quarn
533 2169 643 2239 plnree,
663 2170 710 2241 qui
794 2166 1265 2238 765.Gloriore.Par.Mro.lrariolore.

197 2246 310 2314 hehent3
320 2247 386 2300 Srn.
396 2248 469 2302 Bona
479 2249 564 2301 hercle.
573 2249 644 2302 Can.
651 2249 711 2302 Non
754 2247 893 2301 -Notam
899 2246 1095 2300 exclamationir
1101 2247 1179 2319 ponit
1185 2247 1265 2302 Both.

194 2345 291 2398 possum
297 2328 503 2398 path-Bonan
503 2326 566 2399 fide.
577 2328 710 2384 Formule
754 2330 946 2398 parturientia.
957 2355 997 2368 -
1011 2320 1040 2372 V
1037 2327 1070 2378 alt
1077 2367 1086 2392 ‚
1100 2333 1152 2398 φεῦ.
1164 2327 1216 2381 Hic
1227 2339 1266 2380 eat

196 2407 313 2478 speciem
331 2408 427 2474 habet,
447 2406 558 2479 perinde
578 2409 644 2461 acri
664 2427 709 2462 ro-
752 2407 902 2479 interjcctio
928 2405 1122 2460 ouhirridentia.
1144 2437 1179 2450 -
1201 2406 1265 2462 (310-
1296 2457 1301 2464 .

196 2499 270 2558 geret
278 2525 287 2554 ,
295 2491 379 2540 serio?
387 2485 476 2541 Vere?
488 2495 556 2542 Nam
566 2488 635 2550 cervi
643 2487 710 2542 fides
754 2491 833 2551 tiara,
850 2488 916 2540 falso
925 2486 1035 2559 jactitat.

196 2568 263 2622 eolet
283 2585 338 2620 esee
356 2579 484 2639 suspecte.
499 2569 640 2622 ΡΜ-
651 2568 711 2621 Non
795 2571 862 2639 766.
878 2567 938 2620 Non
958 2567 1045 2620 lter-ele.
1064 2566 1144 2620 Both.
1161 2566 1265 2619 modam

193 2663 291 2719 possam
301 2653 359 2720 pati
371 2652 428 2719 queit
436 2687 445 2712 ,
459 2660 510 2701 etc.
524 2649 636 2720 Elegana
653 2648 710 2701 lor·
754 2648 840 2700 hercle.
855 2646 945 2701 Gueli.
962 2646 1082 2715 1,Srrua
1101 2657 1163 2719 post
1180 2646 1265 2700 hercle.

195 2725 284 2793 mula,
298 2740 328 2780 nt
342 2728 461 2780 Perletne
478 2726 603 2792 adnotat,
616 2727 659 2781 cui
675 2727 710 2780 el·
753 2759 795 2770 —
803 2729 861 2782 Non
871 2727 948 2780 hercle
957 2746 1029 2791 vero,
1042 2725 1154 2780 subaudi
1163 2726 1265 2796 glorior.

196 2806 268 2860 milis
277 2807 323 2859 illa
333 2807 521 2874 Eunuchi,ra.
536 2807 603 2862 8⁵8:
615 2808 665 2860 Via
674 2827 711 2860 me
754 2837 794 2851 -
810 2808 897 2860 {serum
917 2807 980 2860 dico.
999 2808 1041 2859 Ite
1060 2804 1130 2860 cervi
1149 2807 1268 2860 solebant

197 2889 307 2940 contineo
319 2891 377 2960 qaia
391 2889 509 2952 involem,
522 2900 574 2942 etc.
753 2885 890 2941 interdum
905 2905 954 2960 per
966 2887 1052 2958 ipsam
1065 2886 1202 2939 veritatem
1218 2886 1266 2938 lal-

225 3005 228 3016 .
245 2970 313 3036 766.
343 2967 425 3038 Caput
450 2967 603 3022 demolirem.
628 2965 710 3033 Quod
753 2967 809 3020 lere
824 2956 961 3032 dominos,
975 2966 1023 3038 qui
1039 2965 1158 3019 nihileis
1175 2963 1266 3019 crede·

196 3045 264 3099 colet
277 3045 336 3100 lieri
352 3046 395 3098 hie
408 3048 455 3118 qui
469 3048 591 3119 placent,
606 3060 638 3100 ut
654 3065 709 3100 ma·
753 3046 828 3100 hant·
845 3048 913 3101 Peri.

196 3143 249 3180 nna
266 3144 314 3197 per
330 3138 411 3197 caput
426 3140 512 3181 tractu
527 3126 622 3193 ducta,
636 3128 711 3199 quati
797 3130 862 3199 767.
880 3129 930 3180 Tui
950 3126 1110 3197 Clitiphonis,
1127 3137 1176 3196 etc.
1193 3124 1227 3178 Η.
1242 3143 1266 3178 e.

197 3204 320 3277 quadam
349 3203 471 3260 rideatur
499 3224 555 3260 erae
582 3206 709 3262 laudatio.
755 3205 823 3260 illud
834 3207 994 3273 comitium,
1008 3204 1082 3278 quod
1097 3223 1176 3275 cupra
1187 3205 1267 3275 signi·

198 3287 327 3358 Engmplr.
754 3286 863 3340 ficetum
876 3299 914 3340 eat
923 3325 932 3352 ,
941 3300 972 3340 ut
983 3285 1079 3339 veritae
1089 3283 1160 3337 dicta
1171 3283 1270 3336 nihilo-

239 3366 306 3437 763.
321 3367 373 3418 Pro
387 3369 435 3419 isto
449 3385 492 3430 re,
507 3377 557 3420 etc.
577 3371 606 3420 C.
620 3365 655 3421 G.
672 3386 710 3421 m.
755 3367 844 3420 minuo
869 3365 1006 3437 implicare
1034 3363 1118 3434 poscit
1141 3379 1268 3417 errorem.

198 3447 272 3508 istae,
287 3458 314 3499 et
327 3463 385 3516 anp.
402 3445 491 3517 script.
501 3437 710 3513 froude—Fo-
756 3446 865 3518 Quippe
885 3464 971 3517 quum
993 3442 1059 3496 dicit
1077 3443 1162 3497 Clinia
1183 3443 1269 3516 patri,
1321 3469 1325 3475 ·

198 3528 260 3578 eiam
287 3526 343 3578 boni
366 3525 410 3578 tibi
430 3526 526 3600 aliquid
540 3545 588 3597 pro
607 3530 654 3578 ista
676 3546 710 3580 ne.
759 3525 904 3597 Clitiphonis
916 3527 1016 3576 amicam
1026 3542 1075 3574 esse
1083 3522 1270 3578 lmeuthoc

199 3605 299 3659 Blande
328 3603 418 3660 dicere
440 3618 467 3659 et
492 3606 606 3677 henigne
626 3605 712 3660 iecere
757 3602 824 3658 dum
845 3603 945 3658 indicet
966 3601 1270 3668 servum-nihilominus

199 3684 330 3757 cupiunt,
349 3686 396 3756 qni
413 3684 554 3759 indulgent
566 3698 613 3738 aut
627 3691 714 3739 aeteri·
759 3683 884 3738 dominae
902 3682 951 3736 lilii
967 3682 1008 3736 eui
1022 3683 1133 3737 amicam
1150 3680 1270 3735 meretri·

199 3764 423 3820 tantor.1ndnxit
439 3767 492 3819 hoc
510 3762 565 3827 illoc
585 3764 664 3819 etiam
684 3766 713 3819 in
759 3783 817 3818 cem
833 3783 888 3818 esee
901 3781 956 3816 non
970 3759 1068 3817 credat.
1080 3762 1208 3832 Engroplt.

200 3840 344 3916 Adelphis,
356 3846 411 3914 891
427 3843 633 3900 :acerbitatem
648 3844 716 3900 bene·
798 3846 867 3915 766.
881 3845 919 3896 Et
935 3861 963 3894 ea
975 3845 1066 3913 potia.
1077 3837 1160 3894 Both.
1172 3853 1195 3893 et
1205 3859 1234 3893 ea
1247 3861 1272 3892 re

195 3925 286 3993 saarim.
302 3923 373 3977 Ibid.
392 3927 464 3995 899,
476 3943 549 3996 900:
563 3927 601 3979 Ec
614 3925 673 3992 tibi,
685 3927 716 3979 ob
757 3928 849 3995 gretia.
860 3955 901 3967 -
915 3922 957 3974 Eo
969 3927 1052 3993 praetia
1059 3963 1068 3987 ,
1083 3939 1114 3976 ea
1129 3939 1225 3986 cauea,
1238 3938 1270 3974 eo

199 4023 253 4061 eam
264 4023 328 4070 rem,
338 4004 429 4077 siquid
437 4025 493 4058 rous
501 4008 607 4069 venerit,
619 4005 715 4059 Lubere
760 4003 879 4058 consilio.
893 4002 963 4068 Quia
978 4001 1077 4056 scilicet
1086 4001 1178 4067 timet,
1194 4019 1228 4054 ne
1241 4015 1273 4060 ru

200 4082 343 4153 herrestein,
364 4085 492 4144 Boeclerus.
512 4117 552 4129 -
566 4087 607 4139 Ac
621 4085 713 4141 labem.
760 4082 787 4146 id
801 4085 987 4154 persentiscat,
999 4101 1033 4136 ne
1045 4081 1172 4136 irascaris.

969 4212 1090 4294 '²7
