3000 4866
299 383 383 431 nxtv
564 359 737 430 VICTOR
762 363 826 430 DE
854 357 1104 432 COMOEDIA.

299 493 333 563 id
358 515 462 586 genus
489 487 722 562 oblectamenti
745 490 913 562 relaxandi
939 493 1041 560 animi
1069 492 1174 586 gratia
1193 509 1365 590 receptum

297 613 358 669 est
375 595 505 666 Deinde
525 598 632 692 spatio
651 624 772 669 novem
786 623 952 668 annorum
971 599 1162 693 interjecto,
1173 600 1212 669 C.
1230 601 1367 671 Naevius

298 705 378 774 data
402 703 527 773 Fabula
547 703 717 798 spectandi
741 707 872 799 copiam
901 703 987 774 fecit.
1010 708 1089 775 Post
1113 731 1189 775 eum
1210 705 1367 797 Plautus,

299 835 389 881 anno
410 810 479 880 fere
501 809 630 880 decimo
650 812 768 905 quinto
795 838 803 880 :
827 810 966 881 subinde
989 813 1132 881 seriatim
1152 813 1194 901 Q.
1218 815 1368 901 Ennius,

300 917 471 1005 Caecilius,
489 931 523 988 et
540 917 714 987 Terentius
729 919 871 988 floruere
887 943 895 985 ε
913 932 1027 1014 postea
1046 943 1114 987 non
1136 918 1241 988 multo
1259 921 1368 990 Pacu-

301 1027 394 1115 vius,
412 1025 469 1121 qui
497 1022 643 1094 medium
671 1023 751 1094 illud
781 1039 1032 1120 argumentum,
1049 1021 1216 1096 lacerandi
1242 1023 1370 1096 scilicet

299 1130 439 1202 aliorum
462 1144 633 1225 poemata,
652 1132 849 1210 sectabatur,
871 1135 970 1200 Hunc
992 1131 1080 1199 enim
1103 1130 1230 1201 Gellius
1250 1133 1284 1199 in
1299 1136 1369 1201 Ac-

300 1239 388 1308 cium
407 1251 440 1306 et
454 1236 635 1306 Pacuvium
657 1261 778 1333 magna
800 1237 896 1306 laude
914 1235 1035 1331 stylum
1057 1239 1241 1308 exercuisse
1262 1253 1366 1308 testa-

300 1358 365 1413 tur.
390 1342 531 1413 Fabulas
559 1344 662 1438 igitur
688 1345 758 1430 isti,
788 1343 829 1412 de
858 1346 978 1413 Graeco
1007 1345 1125 1438 petitas
1149 1359 1370 1439 argumento,

300 1451 426 1520 Latinis
455 1448 576 1519 salibus
607 1450 743 1520 condire
773 1463 962 1520 statuerunt
990 1475 998 1517 :
1023 1449 1306 1545 quemadmodum
1334 1452 1369 1518 in

191 1625 196 1640 ‚
301 1558 464 1641 Terentii,
487 1555 540 1625 vel
570 1554 693 1641 Plauti,
718 1581 792 1651 quae
822 1554 1122 1642 circumferuntur,
1151 1554 1283 1626 Fabulis
1319 1571 1371 1626 est

301 1663 414 1731 videre
430 1687 438 1732 :
460 1663 658 1756 Noramque
674 1665 805 1757 penitus
824 1661 1031 1730 Comoediam
1052 1675 1129 1730 sunt
1142 1664 1280 1746 imitati,
1294 1662 1371 1732 nul·

301 1767 368 1838 lam
390 1769 484 1838 chori
503 1767 711 1837 modulantes
732 1766 954 1836 cantilenam:
973 1767 1030 1836 sed
1049 1782 1142 1836 actus
1166 1769 1218 1852 (ut
1230 1771 1276 1838 ait
1291 1772 1372 1838 Por·-

301 1864 434 1972 phyrio)
447 1874 602 1944 tibiarum
619 1889 782 1943 concentu
802 1873 1002 1943 dirimentes.
1017 1874 1086 1941 Ubi
1099 1897 1209 1968 operae
1226 1878 1372 1968 pretium

301 1995 352 2076 est
364 1980 626 2052 animadvertere
640 1981 735 2049 tibias
744 1980 841 2049 ebori
855 1981 1093 2074 proprietatem
1107 1979 1264 2048 aemulari.
1284 1980 1373 2050 Nam

303 2078 364 2184 (ut
380 2105 498 2159 auctor
520 2103 570 2157 est
590 2080 764 2174 Donatus)
783 2110 857 2180 quaa
877 2084 1009 2155 Fabulae
1032 2109 1149 2181 graves
1170 2085 1374 2155 haberentur

303 2211 337 2267 et
351 2221 489 2280 severae,
504 2195 591 2264 tibiis
611 2193 734 2262 dextris
755 2195 808 2287 agi
824 2206 1067 2262 consueverunt
1083 2217 1092 2258 :
1108 2215 1181 2286 quoe
1195 2217 1275 2262 vero
1288 2193 1375 2285 jocis

302 2318 337 2372 et
367 2303 495 2371 urbane
523 2300 619 2370 dictis
647 2299 791 2394 undique
827 2311 1008 2384 scaterent,
1037 2299 1195 2367 continuo
1224 2299 1373 2369 sinistris.

302 2407 420 2478 Pollux
440 2408 527 2476 enim
545 2419 663 2475 auctor
682 2421 732 2475 est
751 2407 897 2500 quinque
914 2403 993 2474 olim
1013 2407 1048 2473 in
1070 2429 1168 2474 scena
1183 2406 1301 2499 januas
1320 2431 1374 2476 ex-

301 2517 423 2603 titisse,
452 2535 593 2607 quarum
624 2511 732 2582 media
755 2511 840 2581 illius
866 2512 1003 2581 omnino
1034 2508 1237 2612 domicilium
1264 2527 1368 2600 esset,

302 2623 359 2721 qui
380 2623 504 2717 primas
522 2621 558 2687 in
575 2617 698 2689 Fabula
717 2633 828 2714 partes
842 2618 982 2689 haberet
1002 2617 1144 2702 :altera,
1166 2618 1281 2687 dextra
1300 2621 1367 2688 sci-

302 2732 397 2816 licet,
418 2728 497 2797 huic
520 2727 690 2821 proxima,
704 2723 789 2794 illius
808 2749 880 2794 esse
898 2726 1089 2811 consuerit,
1104 2726 1158 2794 cui
1179 2724 1369 2819 partes-da·

302 2849 418 2908 rentur
438 2831 613 2903 secundae:
636 2832 751 2919 tertia,
772 2833 917 2915 sinistra,
932 2829 985 2898 vel
1008 2833 1149 2900 maxime
1168 2832 1291 2915 tenuis,
1310 2845 1370 2900 aut

302 2942 425 3014 nullius
450 2955 521 3010 erat
547 2963 712 3034 personae,
737 2936 791 3006 vel
819 2935 1004 3006 desolatum
1031 2935 1164 3031 aliquod
1194 2936 1371 3008 simulabat

304 3047 471 3122 sacellum.
491 3050 535 3114 At
551 3044 751 3138 reliquarum
765 3043 880 3112 dextra
898 3068 955 3112 eos
981 3045 1132 3114 emittere
1150 3043 1292 3131 solebat,
1313 3045 1370 3138 qui

303 3183 372 3230 non
391 3155 433 3225 ab
452 3153 564 3238 Urbe,
580 3151 637 3220 sed
658 3149 790 3219 aliunde
805 3149 1120 3244 proficiscerentur:
1143 3152 1273 3220 sinistra
1287 3174 1370 3219 vero

302 3279 435 3348 contra,
454 3272 618 3354 quotquot
637 3260 803 3344 venirent,
827 3255 972 3326 urbanos
995 3255 1209 3351 producebat
1234 3255 1287 3324 Ab
1305 3255 1371 3325 hac

305 3367 358 3463 (ut
372 3357 530 3449 arbitror)
550 3366 620 3459 ejus
634 3363 767 3432 Fabulae
784 3363 907 3432 chorus
929 3361 1063 3458 prodire
1085 3363 1276 3448 consuevit,
1288 3385 1371 3456 quas

305 3475 428 3550 salibus
440 3473 588 3568 jocisque
602 3470 722 3539 referta
737 3495 807 3539 esse
821 3469 1149 3564 videretur.Quippe,
1161 3467 1251 3563 quod
1267 3467 1372 3537 facete

307 3584 440 3666 dicitur,
463 3576 604 3649 solertius
624 3576 789 3644 urbanum
804 3574 981 3672 appellare.
1000 3576 1126 3646 Verum
1146 3576 1188 3643 ab
1205 3573 1326 3657 altera,
1345 3575 1373 3644 si

307 3689 449 3762 rusticos
465 3681 589 3753 Fabula
605 3683 806 3764 contineret,
829 3681 971 3776 quadam
991 3705 1105 3751 severa
1124 3684 1282 3776 gravique
1301 3681 1374 3749 sim

307 3797 453 3895 plicitate
475 3790 597 3861 chorus
615 3788 836 3858 emittebatur.
856 3791 987 3857 Etenim
1002 3813 1058 3857 eos
1087 3789 1296 3881 potissimum
1317 3811 1374 3854 ru-

309 3906 410 3975 sticos
436 3919 608 3982 vocamus,
632 3897 689 3991 qui
714 3919 846 3990 semper
867 3893 1014 3964 obducto
1041 3893 1215 3989 supercilio
1242 3893 1376 3963 facetias

310 4020 514 4081 aversantur.
527 4001 630 4073 Unde
646 3999 837 4072 Palamedes
847 4000 937 4097 apud
951 3999 1187 4072 Philostratum
1197 3999 1240 4070 ab
1249 3998 1376 4071 Achille
