3014 4872
433 395 608 464 VICTOR
635 395 698 466 DE
725 395 978 468 collocuta
1170 419 1238 469 ιω

163 526 309 597 modum
330 527 365 594 in
381 526 483 596 Ranis
498 527 729 621 Aristophanis
743 527 868 598 Fabula
883 526 1049 599 Xanthias
1063 526 1127 614 uile
1141 554 1238 600 man-

165 635 296 730 cipium
320 630 499 702 Herculem
520 634 598 728 agit.
628 633 816 704 Verborum
846 649 957 704 autem
979 635 1088 706 modis
1113 651 1240 732 septem

166 741 300 810 Comici
314 740 397 810 risus
416 741 621 814 excitabant:
642 739 693 809 vel
711 739 835 812 sedicet
848 739 945 836 plura
959 741 1146 836 n'gnificcns
1164 768 1237 812 ver·

166 847 251 916 bum
270 859 492 942 usurpantes,
513 846 602 942 quod
625 849 831 942 grammatici
849 849 965 918 dicunt
977 847 1169 942 ὁμωνυμίαν
1185 849 1238 920 vel

167 950 269 1048 plura
297 952 544 1048 significationis
570 951 735 1048 ejusdem,
766 953 857 1048 quod
882 968 1005 1024 vocant
1032 955 1239 1049 oirovuplav:

168 1058 224 1130 vel
241 1063 414 1154 proprium
431 1058 566 1156 aliquod
583 1058 735 1130 ludentes
752 1085 875 1130 nomen
893 1083 931 1131 ea
949 1059 1082 1156 quidem
1097 1062 1239 1149 ratione,

167 1189 237 1260 qua
263 1191 325 1236 nos
351 1164 520 1236 interdum
554 1181 756 1238 «oratorem
780 1167 963 1237 »dicimus
986 1197 1004 1234 α
1018 1181 1202 1255 aratorem,
1218 1197 1236 1234 n

169 1271 262 1367 quod
288 1271 337 1342 illi
358 1288 556 1369 nuncupant
578 1273 794 1368 raposnplm,
813 1273 867 1343 vel
886 1272 1143 1369 eademsaepius
1169 1299 1238 1342 uon

168 1379 344 1448 invenuste
372 1379 570 1476 repetendo,
594 1379 686 1475 quod
706 1377 874 1476 appellant
894 1370 1078 1473 ἀδολεσχίαν
1097 1404 1107 1448 r
1129 1379 1239 1474 cujus·

170 1484 264 1556 modi
278 1500 328 1556 est
343 1483 425 1556 illud
442 1488 634 1557 Ennianum
646 1487 692 1557 ab
702 1486 789 1557 Aulo
803 1485 912 1558 Gellio
925 1487 1083 1574 citatum,
1096 1485 1154 1558 ubi
1171 1511 1243 1556 rer·

170 1591 251 1662 bum
271 1591 338 1663 hoc
363 1609 381 1646 α
400 1593 522 1664 frustra
539 1611 557 1648 ’³
577 1608 611 1664 ct
634 1594 838 1678 «frustrari,
857 1609 875 1646 >²
898 1593 1008 1664 decies
1027 1593 1144 1663 codem
1165 1591 1239 1664 loco

170 1697 362 1768 inculcatur
376 1727 386 1770 ε
408 1699 462 1769 vel
483 1701 683 1796 aspernandi
702 1702 812 1771 studio
826 1699 1022 1771 diminutiva
1036 1700 1240 1770 formantes:

169 1803 225 1876 vel
245 1804 388 1900 aliquam
406 1806 497 1877 haud
511 1807 653 1878 absmde
674 1807 804 1878 literam
823 1821 1001 1878 mutantes.
1013 1807 1168 1904 Denique
1182 1829 1243 1902 per

171 1936 242 1982 noo
272 1915 368 1983 tritas
394 1913 523 1984 dicendi
544 1915 670 2013 figuras
696 1911 892 2010 elegantiam
919 1913 1058 2008 alicujus
1079 1927 1137 1983 aut
1158 1912 1241 1982 rude

171 2019 341 2113 ingenium
361 2021 597 2115 exprimentes,
614 2022 785 2091 theatrum
798 2043 898 2091 omne
917 2020 984 2089 risu
998 2018 1241 2089 diffirndebant.

169 2127 300 2194 Verum
320 2126 392 2196 haec
417 2129 571 2199 universa
591 2125 688 2198 nihili
707 2149 946 2221 nonuunquam
964 2138 1079 2212 erant,
1097 2125 1161 2194 nisi
1181 2148 1241 2196 vc·

169 2255 246 2302 cem
257 2233 435 2305 histriones
447 2231 1242 2331 singulisadhibuissentnecommodatamzquan·

170 2336 352 2433 sicquidem
384 2341 492 2412 omnis
521 2340 699 2412 oblectatio
720 2337 901 2411 Comoedia
935 2335 1178 2434 propemodum
1206 2336 1241 2406 in

170 2446 302 2516 actione
330 2449 491 2518 consistit
524 2451 694 2519 Hactenus
716 2461 827 2517 autem
867 2469 941 2540 quae
970 2444 1130 2525 diximus,
1152 2441 1246 2514 bono

172 2552 284 2622 omine
305 2553 506 2648 procedant,
524 2581 567 2626 ne
581 2547 680 2646 (licet
699 2554 778 2624 huic
792 2550 902 2622 libello
920 2552 962 2623 de
978 2540 1151 2648 perplexis
1159 2550 1246 2622 adeo

171 2659 409 2753 questionibus
430 2663 640 2758 propositum
656 2685 725 2730 non
746 2661 791 2731 sit
809 2651 1001 2754 disputare)
1017 2658 1118 2730 nimis
1140 2655 1246 2728 mun

171 2789 245 2836 esse
263 2765 451 2838 videantur.

227 2873 262 2942 Si
283 2871 432 2944 funditus
449 2874 576 2944 Latinae
593 2871 773 2944 Ccmoediae
793 2895 921 2970 quaeras
944 2870 1131 2968 perspicere
1158 2893 1244 2940 oon·

173 2975 354 3068 ditionem,
373 2981 526 3076 inprimis
548 2979 619 3074 ejus
644 2980 807 3074 originem
831 3003 893 3074 par
913 3003 984 3048 esse
1009 2976 1155 3048 arbitror
1174 3001 1242 3046 non

173 3085 329 3178 ignorare
339 3087 479 3183 equippe
496 3110 600 3182 quum
616 3084 658 3156 ad
673 3111 767 3156 nose
784 3087 905 3157 Graeco
922 3084 1015 3156 fonte
1024 3083 1172 3154 derivata
1184 3107 1246 3178 per

173 3191 312 3262 latinos
334 3194 428 3288 quasi
448 3191 602 3264 traduces
622 3193 793 3262 emanarit.
822 3194 864 3260 In
880 3193 1042 3263 Veterum
1067 3189 1180 3284 itaque
1199 3187 1242 3258 fa·

172 3295 262 3368 bulis
278 3300 426 3394 quinque
447 3299 624 3396 perhibent
638 3325 710 3370 esse
729 3298 951 3386 differentias,
971 3312 1161 3394 temporum
1179 3295 1246 3366 sci·

174 3401 271 3490 licet,
299 3403 388 3501 styli,
415 3408 579 3494 materia,
610 3430 846 3494 numerorum,
872 3420 907 3476 et
930 3417 1117 3501 apparatus
1139 3400 1247 3473 Nobis

173 3511 276 3605 igitur
289 3525 441 3608 tempora
459 3513 759 3599 considerantibus,
777 3514 840 3583 trin
858 3509 1106 3594 Comoediarum
1123 3531 1245 3606 genera

174 3641 246 3688 sese
267 3617 416 3689 offerimt
434 3619 675 3716 distinguenda.
694 3621 844 3690 Primum
873 3619 960 3688 enim
980 3629 1047 3702 cst,
1067 3615 1157 3713 quod
1178 3638 1245 3686 uria

176 3747 252 3794 cum
266 3724 583 3822 Peloponnesiorum
600 3727 756 3822 imperio,
774 3721 1032 3813 Susarione,vel
1047 3723 1243 3794 Sannirioue

175 3829 288 3902 lloruit
302 3833 487 3904 inventore.
502 3831 670 3922 Alterum,
683 3833 772 3929 quod
786 3833 829 3902 ab
844 3833 978 3927 triginta
994 3832 1140 3926 tyrannis
1153 3829 1247 3924 quasi

172 3937 254 4035 jugo
276 3941 439 4036 impositis
462 3967 523 4037 per
542 3929 811 4012 hoedaemonios
832 3937 1084 4010 Atheniensium
1107 3935 1247 4007 cervici·

175 4043 256 4132 bus,
285 4046 328 4117 nd
362 4063 491 4120 atatem
523 4073 626 4144 usque
655 4037 813 4144 Philippi
829 4045 1022 4118 Macedouis
1047 4057 1097 4116 est
1125 4066 1249 4138 propu-

1032 4162 1072 4245 da
