2926 4858
461 381 530 466 on
555 395 816 470 rualeno.
1046 411 1171 475 eura

121 517 252 590 unde'ab
274 518 523 590 inumbratione
541 518 641 592 dicta.
662 523 704 590 ln
723 521 870 591 Theatra
890 535 1001 592 autern
1022 521 1084 622 (ut
1100 527 1171 620 jam

121 630 233 700 dictum
250 631 324 727 est)
348 631 450 701 fiebat
468 655 582 722 scena,
602 645 770 702 camerato
790 645 968 720 contextu,
986 633 1073 704 binis
1094 635 1171 730 pln-

122 739 261 836 n'busque
276 741 587 838 contignationibus
603 756 781 812 exstructa.
800 743 894 812 Picta
915 756 987 811 erat
1007 742 1174 840 undique,

122 871 186 917 suaa
200 849 418 922 domunculas
435 851 570 940 habuit,
587 854 623 922 in
642 878 726 948 quas
743 878 807 948 pro
823 853 953 924 ratione
972 868 1109 924 actuum
1124 855 1173 925 al-

121 961 261 1030 ternatim
279 986 314 1032 se
329 962 547 1033 conferebant
563 977 699 1034 actores.
715 966 808 1034 Duas
825 989 899 1034 aras
920 964 1093 1058 utriusque
1110 964 1173 1035 ba-

120 1068 225 1160 bebat3
239 1070 389 1144 dextram
401 1074 514 1143 Liberi
528 1075 651 1169 patris3
666 1073 834 1144 sinistram
850 1075 922 1170 ejus
933 1075 1013 1161 Dei,
1028 1075 1063 1144 in
1079 1075 1131 1171 cuj
1136 1100 1175 1145 us

122 1179 266 1252 bonorem
274 1184 366 1255 Ludi
376 1184 509 1255 fiebant.
520 1183 619 1254 Unde
632 1182 813 1256 illudeaEx
827 1209 885 1256 ara
898 1185 979 1254 hinc
993 1210 1088 1254 sume
1102 1208 1174 1253 ver·

122 1287 358 1390 teneantque
375 1295 404 1364 is
421 1293 555 1364 demum
569 1309 642 1364 erat
651 1319 756 1366 scenae
773 1309 952 1390 apparatus
968 1296 1004 1364 in
1014 1294 1171 1366 Theatra.

205 1517 264 1586 DE
284 1517 608 1587 HISTRIONIBUS
625 1517 683 1586 ET
700 1517 835 1586 MIMIS
860 1517 1077 1590 SCENICIS.

161 1718 271 1788 Omnis
286 1717 545 1815 Tragoediarum
558 1743 598 1788 ac
613 1718 861 1788 Comoediarnm
880 1707 1003 1816 gratia,
1023 1736 1058 1791 et
1072 1747 1177 1793 scenae

122 1823 225 1914 decus,
238 1829 271 1897 in
288 1828 521 1898 Histrionibus
538 1829 750 1900 consistebat.
761 1831 949 1900 Histriones
963 1833 1052 1901 enim
1067 1846 1101 1902 et
1115 1835 1178 1902 mi*-

121 1938 159 2005 mi
175 1939 205 2007 in
219 1965 320 2009 scena
333 1938 523 2009 Comoedias
539 1939 754 2008 recensebant
767 1939 952 2009 secundum
967 1965 1045 2010 suos
1060 1942 1178 2012 modos

122 2060 149 2115 et
163 2051 299 2122 cantico.
319 2053 407 2122 Nam
425 2049 573 2136 cantica,
590 2063 629 2120 ut
646 2047 748 2144 paulo
767 2063 845 2118 ante
863 2048 1081 2139 docebamus,
1097 2065 1178 2119 tem-

121 2162 312 2252 perabantur
327 2160 454 2244 modis,
469 2185 538 2228 non
553 2183 573 2228 a
589 2174 705 2255 poeta,
719 2158 808 2228 seda
825 2159 934 2253 perito
949 2159 1030 2228 artis
1045 2160 1179 2229 musicae

122 2267 219 2358 laetis,
237 2272 525 2365 mutabanturque
540 2269 633 2339 modi
648 2270 683 2338 in
705 2293 773 2338 uno
792 2269 934 2339 cantico.
955 2269 1095 2338 Fiebant
1114 2257 1177 2338 liu·

120 2377 249 2469 jusmodi
266 2382 419 2450 carmina
436 2380 478 2450 ad
496 2379 606 2468 tibias,
620 2394 659 2449 ut
673 2379 727 2448 his
745 2379 867 2449 au'ditis
883 2378 979 2449 multi
995 2404 1034 2449 ex
1049 2379 1177 2474 populo

121 2501 185 2558 ante
201 2490 387 2579 discerent,
400 2515 501 2586 quarn
513 2489 673 2559 Fabulam
685 2490 793 2561 acturi
811 2504 921 2560 essent
938 2491 1071 2561 scenici.
1080 2491 1179 2561 Unde

122 2595 191 2668 illud
206 2617 254 2672 est
274 2601 472 2673 Ciceronis:
489 2604 593 2672 «Non
611 2599 777 2695 intelligo,
794 2602 921 2696 inquit,
938 2601 1020 2698 quid
1035 2615 1179 2688 metuat,

120 2733 210 2801 quarn
228 2727 301 2782 tarn
314 2712 422 2782 bonos
433 2711 638 2806 septenarios
654 2709 774 2780 fundat
786 2710 829 2780 ad
847 2712 974 2780 tibiam.
985 2741 1002 2777 a
1013 2712 1179 2782 Tibicines

120 2819 364 2915 appellabantur
374 2822 434 2915 qui
447 2819 640 2913 hujusmodi
654 2823 782 2891 cantica
792 2821 966 2916 adtibiam
982 2821 1180 2909 suadebant,

37 3012 39 3020 Α
119 2945 286 3029 autequam
304 2945 457 3027 ageretur
475 2931 664 3016 Comoedia,
680 2929 732 3000 vel
751 2931 838 3000 inter
852 2930 941 3025 ipsos
955 2946 1061 3001 actus.
1081 2931 1180 3000 Unde

120 3037 193 3112 illud
206 3041 320 3114 Plauti
335 3067 344 3112 ε
360 3041 524 3111 «Tibicen
540 3065 599 3111 vos
614 3041 740 3110 interea
753 3039 809 3108 hic
826 3029 1014 3110 delectabit.
1025 3069 1043 3105 a
1055 3040 1178 3109 Ludio'·

119 3173 170 3222 nes
185 3168 300 3224 autem
319 3167 353 3223 et
374 3153 554 3222 histriones
572 3151 615 3221 ad
638 3151 785 3220 tibicinis
802 3150 920 3221 modos
939 3151 1129 3237 saltabant,
1149 3165 1184 3220 et

119 3263 264 3334 nonnihil
282 3264 384 3334 etiam
398 3262 625 3332 diverbiorum
641 3263 916 3360 pronuntiabant.
932 3253 1032 3331 Unde
1046 3262 1180 3332 Livius:

118 3375 304 3445 «Ludiones
317 3399 360 3443 ex
377 3375 513 3444 Etruria
528 3375 641 3458 acciti,
658 3373 702 3442 ad
717 3373 864 3444 tibicinis
878 3372 997 3442 modos
1014 3371 1182 3459 saltantes,

118 3497 169 3551 ant
186 3485 363 3556 indecoros
383 3483 860 3554 motusmoreTnscodaban-t.
873 3482 1080 3576 »Proprium
1091 3483 1182 3552 enirn

120 3588 284 3664 ludionum
302 3617 342 3664 ac
359 3595 558 3664 morionum
569 3608 641 3664 crat
651 3607 763 3664 motus
780 3594 918 3663 decoros
933 3615 973 3661 ao
984 3606 1095 3688 gestus
1111 3619 1183 3663 om-

119 3702 362 3776 ninodecentes
379 3703 566 3774 ostendere.
583 3705 778 3775 Tibicinum-
793 3719 904 3774 autern
922 3718 994 3773 erat
1012 3701 1183 3790 decorum,

120 3814 244 3905 modos,
261 3816 330 3886 hoc
346 3830 412 3902 est,
431 3837 613 3886 mensuras·
625 3816 659 3884 in
677 3830 778 3884 cantu
796 3813 988 3902 observare,
1009 3814 1180 3882 remissos-

120 3947 194 4016 que,
208 3942 267 3997 aut
283 3941 422 4012 acutos,
440 3925 616 3996 autetiam
634 3949 750 4020 graves
768 3923 877 3992 facere
896 3946 957 4018 pro
971 3921 1121 3992 arbitrio.
1142 3925 1182 3991 ln

120 4033 283 4134 tragedia
300 4055 333 4112 et
343 4041 466 4134 Satyra
484 4035 648 4108 sexdecim
668 4059 808 4106 numero
825 4033 1092 4118 interveniebant
1108 4055 1183 4102 mo-
