3026 4862
469 349 661 419 HEAUT.
687 349 795 418 ACT.
824 349 868 432 V,
896 347 965 416 SC.
990 346 1057 414 tv.
1221 340 1296 427 455

504 585 708 676 sceui
740 585 1018 700 Quium.

469 801 752 870 SOSTRATA.
791 799 1058 869 CHREMES.

279 1014 354 1082 Sos.
373 1008 547 1094 Profecto,
561 1009 624 1078 nisi
642 1031 758 1094 caves,
773 1021 810 1076 tu
825 1007 946 1091 homo,
961 1005 1084 1102 aliquid
1101 1023 1203 1102 gnato
1222 1034 1296 1080 con·

384 1114 474 1186 ficies
492 1112 590 1183 maii:
623 1191 626 1198 ,
1247 1142 1301 1180 ιοιι

224 1222 330 1318 idque
350 1221 435 1291 adeo
456 1223 575 1306 miror,
588 1219 757 1314 quomodo

222 1331 305 1399 Tem
326 1329 476 1424 ineptum
497 1326 677 1422 quidquam
696 1325 757 1396 tibi
782 1327 817 1394 in
840 1339 987 1396 mentem
1007 1327 1139 1415 venire,
1159 1329 1205 1396 mi
1226 1329 1295 1414 vir,

383 1434 538 1530 potuerit

223 1545 315 1612 Cirr.
344 1542 419 1627 Oh,
442 1543 587 1636 pergin,
611 1539 731 1608 mulier
755 1539 850 1609 esse?
873 1539 1029 1610 Uliomne
1055 1564 1203 1636 unquam
1230 1565 1294 1636 ego

383 1674 453 1720 rem
476 1649 511 1718 in
532 1650 601 1718 vite
624 1671 699 1718 mee

264 1855 735 1924 1005.Nisicrves,tulromo.Br.Ni·
778 1851 1294 1927 precedente.Hoc,inquam,celeritas

220 1940 245 1989 ιι·
257 1949 363 1991 turam
376 1937 735 2003 homo.-Proserto,nisica·
777 1932 948 1988 condonatur
960 1934 1073 2000 fehulir,
1086 1955 1200 2006 querum
1218 1954 1293 1990 rnen-
1324 1989 1325 1994 ,

223 2037 273 2082 ves,
292 2029 343 2070 etc.
364 2018 397 2069 In
416 2017 467 2070 hac
486 2034 564 2070 scena
584 2015 735 2069 continetur
778 2033 867 2068 rurum
886 2027 913 2068 et
932 2012 1044 2068 modurn
1065 2013 1202 2069 custodire
1222 2016 1293 2069 inter

222 2097 309 2168 imago
319 2095 440 2168 quedem
453 2093 557 2150 dissidii
566 2095 637 2149 inter
646 2095 734 2148 virum
778 2107 847 2148 artes
858 2107 943 2166 poetar
954 2105 1003 2148 est.
1024 2094 1119 2166 Neque
1138 2095 1210 2148 nulla
1224 2095 1292 2150 ratio

219 2191 248 2231 et
262 2195 387 2243 uxorem,
399 2176 446 2248 qui
455 2188 549 2230 nutura
564 2187 625 2228 suut
637 2173 735 2229 diffici-
779 2175 883 2239 subeat,
892 2175 963 2228 inter
974 2175 1109 2246 perculsos
1117 2194 1146 2228 re
1155 2175 1256 2239 atroci,
1267 2189 1294 2229 et

221 2257 268 2310 les.
277 2260 364 2329 Atque
377 2257 464 2309 intuli
474 2255 579 2328 jurgio,
591 2255 651 2308 illos
664 2256 735 2326 ipsos
777 2255 870 2326 paucis
882 2255 985 2318 verbis,
999 2255 1086 2308 multo
1102 2255 1198 2308 affectu
1221 2256 1293 2310 festi·

109 2352 115 2361 “
220 2355 389 2391 momorum
400 2335 527 2391 adversm
538 2353 633 2388 ΠΧΟΓΘΕ
641 2354 734 2389 lenum
779 2347 879 2388 nantes.
890 2335 999 2390 Frustrfl
1009 2335 1054 2388 hic
1067 2354 1122 2388 Bon
1132 2353 1212 2388 nemo
1225 2355 1293 2390 eon·

220 2436 308 2470 mores
321 2415 430 2470 videtur
444 2411 573 2488 κωμῳδεῖν
592 2429 671 2487 poete
684 2433 736 2468 no·
778 2415 911 2468 fusionem
923 2416 1087 2487 suspicatur,
1101 2427 1128 2468 et
1141 2413 1176 2468 ad
1187 2435 1292 2480 scenrffu

218 2495 735 2550 ster.—Tulsomo.CumstomachoSo·
778 2507 933 2567 sequentem
955 2495 1084 2567 requirit,
1100 2496 1147 2566 qui
1167 2497 1221 2567 jam
1244 2497 1295 2550 hac

220 2591 299 2632 rnatu
314 2577 393 2644 dicit·
407 2589 435 2631 et
448 2576 597 2630 coercitum
612 2588 652 2630 est
666 2593 736 2629 uxor
779 2592 855 2629 scene
871 2575 995 2630 Sostratae
1009 2574 1043 2629 de
1056 2575 1207 2646 suspicione
1218 2577 1293 2631 Cliti·

221 2658 357 2725 maritum,
362 2656 437 2731 quod
445 2653 680 2712 exheredationem
686 2656 736 2710 filii
780 2655 880 2726 pironis
893 2655 1011 2726 potuerit
1023 2667 1177 2709 constare.

220 2738 283 2790 velit
296 2739 426 2810 Eugmpd
436 2737 736 2811 -Aliqm'dgnatocorr-
823 2739 905 2790 1006.
917 2737 997 2789 Hunc
1010 2755 1049 2790 vs.
1062 2749 1137 2806 etsq
1147 2736 1184 2790 ita
1197 2737 1297 2808 legitet

212 2816 284 2886 ficies
303 2822 369 2872 mali.
397 2818 515 2872 Adnotat
537 2816 583 2871 hic
603 2817 736 2872 Boeclerus
778 2814 886 2870 ordmat
895 2816 975 2870 Both
989 2810 1140 2888 quueodeo
1153 2821 1229 2870 miror
1233 2821 1297 2889 ‚qui

219 2913 335 2949 maxtme
346 2901 574 2952 convenienter
563 2899 683 2970 Magna
691 2915 735 2952 ce
779 2895 825 2948 tibi
837 2909 886 2948 tam
904 2899 1025 2967 irreptum,
1046 2901 1080 2948 mi
1097 2899 1153 2962 uir,
1172 2901 1293 2970 quippiam

219 2975 307 3029 leritus
319 2989 359 3028 est
377 2995 484 3041 rerum,
497 2996 556 3048 queo
571 2978 615 3032 hic
626 2979 735 3031 conclu·
780 2975 870 3028 Venire
882 2980 907 3028 in
923 2990 1022 3029 mentem
1032 2980 1148 3048 potuerit.
1165 3009 1195 3020 -
1218 2978 1295 3050 quue

218 3055 330 3109 duntur.
341 3055 462 3125 Clitipho
471 3054 505 3110 sd
518 3071 630 3112 matrem
641 3077 735 3112 cucur-
779 3057 840 3110 adso
855 3060 935 3110 miror.
961 3059 995 3112 Et
1008 3055 1085 3112 valde
1101 3057 1195 3111 miror.

219 3137 270 3199 rit,
283 3135 417 3208 quereiam
438 3135 525 3188 ferens
545 3134 581 3189 de
595 3137 734 3192 severitate
822 3156 903 3207 ¹⁰⁰7·
921 3139 982 3190 Tam
993 3141 1097 3208 irreptum
1110 3137 1247 3209 quidquam.
1255 3136 1294 3188 Ut

219 3217 301 3289 patris
321 3213 482 3270 exheredare
502 3215 591 3286 ipsum
605 3217 733 3283 volentis3
777 3216 864 3270 filium
887 3217 1004 3290 privares
1025 3214 1180 3270 hereditate.
1202 3216 1295 3268 -Mr'

218 3309 297 3368 atque
308 3296 372 3350 hinc
382 3313 560 3367 suspicionem
573 3295 734 3350 moveretde
777 3301 826 3351 vir.
834 3297 976 3369 Adiectum
988 3317 1021 3349 mr
1016 3293 1161 3359 ostendit
1173 3294 1293 3348 animum

218 3389 287 3430 statu
302 3393 370 3429 suo:
380 3374 454 3447 quod
469 3375 611 3428 verisimile
632 3377 734 3430 nemini
777 3378 896 3432 mulieris
912 3375 946 3430 ad
966 3376 1104 3430 leuitatem
1129 3387 1190 3446 post
1202 3377 1295 3431 eonvi-

218 3457 365 3518 videretur,
377 3467 481 3527 petrem
490 3469 545 3510 taur
556 3433 650 3508 eoerhe
661 3469 734 3510 rictu-
777 3458 849 3512 cium
862 3459 924 3512 eatis
934 3475 994 3511 sere
1007 3453 1105 3510 redire
1116 3455 1184 3510 Perl.

218 3555 347 3590 rumcum
355 3535 413 3588 filio
415 3553 509 3608 ,quern
517 3549 733 3608 proreroetsuo
821 3539 902 3592 1008.
917 3537 1029 3607 Pergin',
1040 3529 1211 3588 mutierem?
1230 3535 1292 3590 Lib.

216 3617 479 3687 agnoscerentur
492 3617 664 3672 Chremetem
677 3635 733 3670 me·
776 3617 860 3688 antiq.
873 3629 900 3670 et
913 3629 973 3690 post
986 3635 1032 3671 eos
1045 3617 1135 3687 plures
1154 3634 1187 3670 ex
1200 3634 1292 3669 recen-

217 3697 299 3750 ritum
315 3697 402 3750 stetim
415 3696 495 3752 eade
510 3715 540 3750 re
561 3694 732 3770 aggreditur,
777 3697 882 3750 tissimis
897 3695 1060 3763 editoribus,
1071 3695 1180 3767 Pergin’,
1194 3697 1292 3760 mulier,

217 3774 353 3848 domoque
361 3791 501 3831 exeuntem
511 3795 583 3849 poue
592 3777 732 3849 consequi·
776 3778 859 3830 odiosa
875 3771 944 3829 esse?
965 3777 1015 3830 Μι.
1036 3777 1126 3831 Mark.
1138 3777 1213 3846 Per-g.
1235 3777 1292 3830 mul.

217 3869 276 3922 tur,
289 3870 368 3928 atque
383 3857 435 3910 hoc
452 3857 569 3928 jurgium
587 3858 733 3911 incernam
777 3858 876 3910 molesta
891 3877 949 3911 esse.
971 3855 1054 3922 Quod
1076 3869 1219 3928 utrumque
1242 3875 1294 3910 uec

219 3938 307 3992 infert.
336 3937 521 4010 interponitur
553 3938 622 3991 nihil
643 3935 731 4004 uliud,
776 3938 863 3991 Bentl.
874 3936 979 3992 codices
990 3937 1159 4002 habenenec
1170 3938 1201 3990 C.
1213 3935 1296 3991 G.m.

219 4037 300 4088 quem
315 4037 403 4072 sermo
418 4018 463 4072 ille
477 4017 539 4089 Syri
552 4019 641 4074 brevis
659 4036 737 4073 scene
781 4016 834 4072 Sed
850 4020 934 4072 mulier
947 4039 1008 4074 cum
1032 4018 1150 4091 emphasi
1163 4017 1297 4090 accipien-

1063 4113 1133 4221 29⁴
