2890 4866
314 425 376 495 DE
403 424 572 494 METRIS
597 424 911 495 TERENTIANIS.
1059 449 1147 501 exnv

131 554 167 645 S.
193 558 249 628 18.
273 587 290 623 α
304 557 395 646 Quin
412 571 445 627 et
460 557 516 625 ubi
534 555 750 651 synalaephae
767 559 817 626 vis
831 573 953 646 cessat,
968 574 1002 629 et
1018 560 1073 630 vel
1087 587 1145 632 vo·

67 663 156 735 calis
181 665 344 760 quapiam
366 663 439 753 vel,
459 688 513 751 m,
531 662 646 732 finales
667 688 734 733 non
754 661 940 749 eliduntur,
961 665 1063 736 altera
1085 693 1146 738 vo·

69 770 140 842 cali
150 797 204 841 eas
218 772 421 868 excipiente,
434 795 476 840 ne
490 771 554 840 boc
567 770 701 865 quidem
714 773 749 838 in
766 769 904 840 licentiis
925 797 1030 867 ponas
1046 803 1053 843 :
1070 802 1146 872 qua·

68 878 120 947 lia
135 877 231 974 plura
245 877 336 974 apud
345 879 525 965 Nostrum,
538 880 663 948 Omnes
675 879 739 971 qu'i
748 894 884 965 autaut,
900 870 963 948 Mei
977 896 1011 950 et
1023 897 1145 970 celate,

73 989 171 1078 Qum
187 1001 266 1054 emt
279 1001 416 1054 mortuo
433 985 526 1053 Du'm
543 983 583 1054 id
597 984 734 1079 mlieres
755 987 897 1076 Quicum
916 1009 984 1054 turo
998 979 1069 1056 reim
1084 990 1146 1059 lia·

70 1092 212 1162 bedam.
231 1095 305 1161 Hoc
323 1090 424 1160 modo
446 1107 480 1161 et
497 1093 609 1186 apici,
626 1091 818 1179 Lucretius,
838 1089 1014 1186 Virgilius,
1035 1097 1146 1166 Hora·

71 1201 145 1268 tius
165 1200 199 1266 in
216 1199 425 1267 hexametris.
643 1269 645 1273 ,
1075 1271 1079 1277 ,

130 1308 174 1373 In
188 1305 240 1374 his
257 1319 367 1374 autem
383 1303 518 1398 aliisque
537 1301 696 1372 similibus
716 1303 961 1373 observandum
976 1320 1041 1394 est,
1062 1333 1151 1378 nun·

70 1436 179 1506 quarn
199 1412 265 1480 boc
280 1411 372 1498 fieri,
394 1411 458 1479 nisi
471 1411 505 1478 in
525 1410 629 1479 verbo
648 1409 891 1506 monosyllabo,
905 1412 996 1506 quod
1010 1414 1150 1484 verbum

72 1520 103 1586 si
121 1519 158 1586 in
175 1515 325 1587 vocalem
344 1518 428 1604 exit,
443 1529 575 1610 oportet
592 1515 717 1611 syllaba
730 1540 801 1586 esse
819 1515 927 1613 longa.

132 1646 169 1736 S.
196 1675 253 1746 ¹9·
278 1653 426 1720 Maxime
447 1659 529 1719 vero
549 1649 584 1718 id
607 1631 733 1718 Latinis
759 1652 922 1735 Cornicis,
944 1655 1001 1747 qui
1023 1653 1152 1724 fabulas

74 1783 157 1828 suas
170 1757 297 1853 populo
313 1756 444 1852 placere
460 1771 636 1852 cuperent,
649 1770 725 1824 ante
741 1758 853 1826 omnia
871 1759 1057 1839 cavendum
1069 1777 1151 1844 erat,

72 1890 119 1934 ne
142 1878 262 1933 contra
281 1863 401 1959 linguae
428 1865 561 1960 genium
582 1865 668 1932 ictus
695 1887 753 1932 seu
775 1880 938 1934 accentus
963 1867 998 1933 in
1019 1892 1152 1962 quoque

74 1995 180 2040 versu
198 1968 339 2066 syllabas
356 1972 537 2040 verborum
553 1968 687 2040 ultimas
707 1985 920 2064 occuparent.
943 1970 984 2040 Id
1004 1973 1038 2040 in
1060 1976 1152 2042 omni

73 2093 208 2166 metro,
222 2077 333 2172 quoad
351 2076 458 2162 licuit,
476 2077 689 2162 observatur,
704 2090 743 2144 ut
762 2077 796 2144 in
811 2076 884 2145 his:

139 2255 241 2312 A'rma
254 2251 408 2330 virquue
429 2248 517 2323 caino,
533 2248 640 2326 Trojle
656 2248 708 2327 qni
718 2252 829 2326 primus
842 2246 880 2308 ab
895 2248 955 2307 dris

141 2347 255 2408 ltaliam
271 2349 329 2408 lato
342 2349 484 2428 prdfugus
499 2350 667 2425 Lavinaque
683 2346 763 2404 venit

140 2451 257 2521 Litora,
272 2460 327 2507 etc.

133 2619 203 2708 Qui
216 2621 321 2714 perite
334 2632 369 2688 et
381 2616 550 2687 modulato
563 2617 626 2687 hos
639 2639 755 2686 versus
776 2616 878 2710 leget,
892 2616 947 2686 hic
962 2641 1035 2704 eos,
1049 2632 1087 2686 ut
1098 2619 1152 2688 hic

77 2725 273 2798 accentibus
291 2739 468 2810 notantur,
484 2723 734 2820 pronuntiabit;
752 2748 838 2811 non,
854 2736 894 2792 ut
904 2724 999 2818 pueri
1013 2727 1047 2793 in
1061 2726 1155 2794 scho-

77 2833 140 2919 lis,
160 2831 203 2901 ad
218 2830 422 2926 singulorum
443 2831 568 2928 pedum
593 2831 704 2914 initia,

119 3008 188 3068 Itali
209 3005 215 3087 Ι
232 3004 279 3066 dm
294 3007 322 3064 fa
344 3006 349 3086 Ι
371 3005 402 3065 [ὁ
418 3005 507 3084 profu
531 3005 536 3084 Ι
553 3003 605 3082 gris
620 3009 662 3064 La
680 3002 685 3084 l
703 3006 830 3082 vinaque
848 3001 853 3082 Ι
871 3002 958 3060 ve‘nit.

77 3175 313 3250 Recordemur
331 3191 443 3246 autern
463 3189 496 3244 et
516 3175 719 3244 Priscianum
745 3174 791 3242 ita
819 3169 978 3244 scandere
997 3197 1154 3268 versum,

79 3301 120 3356 ut
140 3283 266 3380 Anglus
284 3309 407 3380 pueros
430 3280 537 3352 solere
561 3279 739 3376 redarguit
760 3279 825 3350 Sed
847 3283 1081 3376 grammaticus
1101 3281 1154 3350 ille

80 3392 125 3462 de
143 3404 254 3461 metro
272 3392 359 3487 agit,
375 3390 431 3459 hic
447 3387 489 3458 de
503 3401 661 3476 accentu,
675 3411 776 3483 quem
794 3386 917 3458 ultimae
934 3385 1066 3481 syllabae
1081 3386 1154 3456 lati-

82 3525 126 3568 ne
141 3497 272 3568 nullum
288 3521 360 3567 esse
378 3511 469 3566 reete
486 3509 609 3565 monet.

137 3628 173 3718 S.
199 3655 259 3702 20.
281 3631 469 3700 Priscianus
496 3629 538 3699 de
563 3628 714 3698 versibus
734 3629 869 3697 comicis
892 3642 1025 3714 narrat,
1066 3634 1157 3698 uase

83 3737 254 3831 quosdam
271 3743 334 3832 qui
351 3737 582 3832 abnegarent,
608 3729 684 3804 ullu
703 3759 778 3804 esse
797 3740 833 3802 in
861 3737 1011 3803 Terentii
1027 3738 1156 3805 Corace·

83 3843 151 3914 dz'ts
161 3859 291 3929 metru3
302 3846 362 3914 vel
372 3857 436 3930 ea,
454 3847 559 3937 quusi
570 3865 705 3910 arcano
718 3840 880 3934 qucedam
892 3855 927 3908 et
940 3839 988 3908 ab
1000 3840 1155 3909 omnibus

84 3950 197 4020 doctis
211 3966 345 4019 semota
351 4003 362 4036 ,
379 3949 447 4018 sibi
457 3951 540 4018 solis
554 3973 628 4017 esse
642 3953 782 4042 cogm'ca
797 3947 1049 4040 confirmarent.
1059 3945 1155 4014 Idem

78 4058 194 4152 paulo
208 4071 295 4152 post
312 4080 429 4127 omnes
446 4055 582 4150 quidem
601 4057 756 4126 comms
765 4107 776 4140 ,
797 4052 923 4123 crebris
944 4053 1156 4148 synaloeplu's

142 4195 173 4258 1.
954 4185 976 4252 k
