2968 4856
266 355 370 472 358'
485 399 668 466 runnu
695 397 954 466 nonnum
981 397 1103 466 Arm

264 531 333 600 Ubi
353 532 379 599 si
398 527 569 623 paululum
587 527 688 598 modo
704 528 785 623 quid
801 543 834 598 te
849 527 986 622 fugent,
1004 553 1068 624 ego
1085 530 1250 623 perierim.

265 635 358 726 Quid
375 633 430 705 illa
447 633 569 704 facias?
579 637 660 704 Suu.
675 639 719 704 At
734 637 820 704 enim
824 685 877 704 .....
894 638 994 706 Cur.
1009 635 1118 724 Quid,
1130 633 1239 704 enim?
1250 635 1332 705 Sro.

423 743 457 811 Si
469 743 564 830 sinis,
581 741 664 811 dico.
682 743 787 812 Cn1u.
803 743 890 810 Sine.
1049 813 1054 817 ,

265 853 363 920 Corn.
382 851 470 918 Sino.
489 851 568 918 Sru.
585 850 636 916 Ite
657 873 709 917 res
729 863 780 917 est
796 849 867 918 haec
890 873 1001 935 nuno,
1012 850 1104 943 quusi
1122 873 1245 943 quum.
1263 895 1271 912 .
1287 896 1297 912 .
1315 896 1325 912 .

310 1023 314 1032 ,
423 957 519 1025 Cum.
538 955 651 1043 Quas,
670 951 809 1024 mulum!
834 953 990 1050 ambages
1008 955 1089 1023 mihi

264 1062 410 1132 Narrare
431 1057 565 1156 occipit!
590 1062 691 1130 Cum.
715 1064 813 1156 Syre,
835 1085 952 1130 verum
973 1061 1030 1131 hio
1051 1061 1142 1131 dicit.
1159 1063 1275 1142 Mitte,
1289 1059 1336 1128 ad

423 1191 493 1237 rem
514 1167 596 1236 redi.

264 1276 344 1344 Suu.
359 1275 547 1342 Enimvero
568 1275 707 1343 reticere
725 1299 877 1369 nequeo:
895 1272 1099 1344 multimodis
1119 1275 1280 1369 injuriu’s,
1296 1300 1336 1339 ι..

265 1380 432 1478 Clitipho,
452 1405 560 1475 neque
582 1381 660 1449 ferri
683 1383 769 1476 potis
789 1406 836 1450 es.
860 1383 962 1452 Cultu.
986 1381 1200 1451 Audiundum
1221 1380 1338 1451 hercle

425 1501 492 1574 est,
514 1501 595 1558 tace.

305 1660 371 1715 316.
391 1660 440 1713 Ubi
451 1664 474 1717 ti
484 1663 619 1732 paululum.
636 1662 746 1716 Omittit
755 1665 778 1714 si
819 1663 854 1715 sb
866 1663 933 1729 illis,
948 1665 1028 1716 multis
1039 1664 1129 1730 modu,
1141 1663 1220 1716 etism
1231 1677 1293 1716 sunt
1307 1665 1337 1717 in

264 1741 353 1794 Guelf.
371 1760 396 1794 α.
412 1770 452 1780 -
472 1742 616 1812 Tssugerit.
634 1742 704 1808 Alii,
721 1755 775 1795 tete.
819 1742 1041 1797 unolaeidd.etin
1048 1742 1172 1797 1³0le
1168 1746 1339 1814 est-Quasi

263 1819 393 1872 Paululum
409 1821 491 1885 modo,
505 1822 547 1874 rel
569 1822 721 1876 minimum.
737 1851 778 1866 -
820 1841 900 1896 quum.
925 1823 1114 1894 Explicaturus
1137 1834 1195 1876 erut
1218 1836 1337 1876 mentem

265 1899 347 1968 Quid,
363 1898 464 1971 aliquid
486 1900 650 1974 prudentio,
664 1902 777 1956 oonsilii.
820 1921 895 1956 suum
910 1903 999 1974 eliqua
1009 1901 1192 1956 similitudine.
1202 1901 1256 1956 Sed
1268 1921 1338 1974 qno·

262 2011 303 2022 —
320 1981 355 2032 Te
362 1983 472 2050 sugerit,
488 1981 536 2035 tibi
553 1979 676 2035 deluerit.
820 1982 893 2036 niem
905 1982 1052 2036 similitudo
1069 2001 1152 2054 quum
1170 1979 1261 2047 detur,
1276 1983 1339 2054 qui·

304 2059 492 2132 317.Qur'd1'lla
494 2063 585 2129 socius.
593 2061 718 2116 Sicllent.
726 2079 778 2132 pro
821 2059 936 2116 domest
954 2064 983 2115 in
996 2063 1117 2116 oratione
1134 2062 1276 2127 eimitus,
1292 2060 1338 2114 id·
1380 2113 1384 2118 .

263 2140 321 2202 tto,
332 2139 407 2211 quod
414 2141 498 2212 vulgo
509 2155 555 2196 est
565 2140 696 2195 Subeudit
704 2142 778 2194 enim
820 2142 892 2196 circo
903 2141 999 2214 edjecit
1011 2143 1144 2214 Clitipho,
1155 2161 1217 2214 quas
1229 2137 1336 2194 mun!

263 2220 395 2285 Bacchide,
403 2239 459 2274 non
467 2221 540 2294 Syrm-
549 2221 587 2274 uti
595 2220 777 2284 moxvsddt.
821 2233 871 2276 eto.
896 2222 1018 2294 Denique
1044 2234 1071 2276 et
1094 2223 1161 2275 ulter
1183 2220 1341 2274 sdoloeeens

262 2299 346 2353 -Ss'
359 2303 429 2362 sinis.
446 2301 607 2374 dicovulgo
621 2307 644 2356 si
660 2305 726 2353 stitus
741 2301 778 2354 di·
820 2301 873 2355 hoo
902 2302 1049 2368 intellexit,
1077 2301 1150 2356 unde
1180 2299 1279 2371 adjecit
1308 2303 1340 2354 in

263 2397 326 2432 eum.
340 2379 396 2432 Nos
411 2383 560 2453 recepimus
571 2395 631 2454 post
643 2379 778 2434 Perletum
821 2372 899 2435 versu
913 2401 951 2453 sq.
968 2382 1038 2455 Syre,
1048 2402 1131 2434 oerum
1141 2382 1180 2434 hic
1191 2381 1240 2434 dic.
1251 2385 1338 2444 mim,

261 2457 402 2512 lectionem
415 2479 496 2531 quom
515 2463 649 2515 Bentleius
666 2461 694 2513 in
708 2459 777 2513 duo·
822 2461 1034 2517 meliorisne.
1054 2493 1096 2506 -·
1115 2461 1225 2514 Malim!
1247 2461 1341 2533 inepte

264 2537 315 2590 hus
330 2537 720 2611 oodd.invenit.-Qurllillo
732 2543 779 2608 su·
820 2542 1000 2595 concionator.
1027 2573 1065 2584 -
1079 2541 1158 2606 Mitt,
1173 2521 1339 2612 expletivutlr

263 2619 335 2670 cius?
349 2616 423 2684 Quid
439 2619 518 2674 iacies
538 2621 565 2672 in
585 2622 699 2692 eisque
716 2639 779 2692 pos·
822 2621 877 2674 lere
897 2620 1011 2690 est;,sed
1029 2621 1207 2676 vulet'tsmeu
1227 2619 1263 2674 ad
1283 2621 1339 2674 vim

263 2697 777 2770 suntadillumspeeturel-Atenim...
821 2703 966 2755 sententio.

264 2775 375 2848 Aliquid
390 2779 577 2850 supplendum.
595 2779 678 2850 Syrus
690 2780 779 2833 dicere
864 2781 929 2849 3¹9·
939 2781 1021 2833 Mitte.
1032 2781 1070 2833 Μ.
1085 2784 1218 2834 mittente.
1232 2807 1245 2828 ι
1255 2782 1290 2832 V.
1305 2781 1339 2834 C.

263 2855 389 2921 volebat,
403 2871 449 2912 sut
465 2860 494 2912 in
507 2877 538 2913 ea
554 2877 583 2912 re
594 2878 649 2912 non
665 2879 719 2914 esse
734 2879 780 2931 pe·
824 2864 891 2912 mitte
901 2866 1045 2934 lstazatque
1056 2861 1114 2914 ad·
1127 2859 1338 2922 Lind.-Mitte,·

264 2935 395 3004 rieulum;
412 2951 457 2992 ont
478 2959 506 2992 se
522 2940 680 2992 effecturum
705 2938 780 3010 quod
823 2941 879 2994 soil.
894 2954 1001 2994 externo
1019 2953 1046 2993 et
1065 2959 1114 3012 per
1134 2939 1339 2994 similitudinem

233 3025 236 3036 ’
264 3016 398 3084 intendit3
412 3017 458 3071 sed
472 3018 544 3072 illius
560 3037 708 3071 sermonem
726 3019 781 3072 Cli·
824 3021 955 3073 trsnslute.
976 3051 1017 3064 -·
1035 3021 1082 3072 Ad
1103 3041 1150 3072 rem
1173 3021 1242 3084 rudi,
1271 3047 1282 3067 ι
1296 3018 1340 3071 Ad

261 3096 343 3168 tipho
353 3097 534 3168 interrumpit.
551 3099 778 3169 Cuspio—Quid,
823 3101 985 3172 propositum
992 3099 1341 3153 narrationem-Hucum-

268 3171 351 3228 em'm?
374 3175 448 3242 Quid
468 3177 526 3230 vult
542 3178 595 3231 hoc
615 3181 697 3240 enim,
715 3177 780 3250 quid
823 3199 858 3252 pe
874 3179 943 3233 servi
964 3179 1131 3250 digressione
1148 3181 1229 3233 umbo
1246 3179 1340 3250 cupidi

267 3257 325 3310 vult
335 3256 392 3309 hoc
403 3257 580 3310 refutatio—
588 3257 663 3322 Dico,
677 3256 780 3324 dicum,
824 3273 956 3316 amotores
967 3271 1117 3330 paventum.
1130 3261 1198 3312 Peri.

266 3336 409 3408 et'quilrus
421 3353 465 3389 me
477 3355 608 3390 excusem.
866 3340 932 3393 320.
965 3341 1074 3392 Retieere
1097 3359 1200 3412 nequeo,
1227 3339 1340 3410 supple,

309 3416 373 3470 318.
396 3418 476 3486 Quasi
491 3435 570 3488 quum.
591 3417 653 3471 libri
672 3416 781 3490 quidum
829 3419 916 3491 uquin
936 3419 1023 3472 dicum
1044 3418 1117 3490 quod
1135 3419 1220 3473 sentio
1236 3416 1272 3470 de
1289 3418 1340 3472 linc

265 3493 329 3548 Mes.
343 3486 718 3570 etzeditiuntiquiffuass'cum
728 3499 780 3551 uta.
825 3512 870 3553 tus
893 3498 1119 3568 interruptione·
1145 3529 1185 3540 -
1211 3499 1341 3552 Multimo-

266 3575 381 3647 Trujeot.
395 3574 468 3628 Edit.
487 3577 556 3646 Quos
577 3579 636 3630 milti
654 3577 781 3647 ambages,
824 3580 877 3644 Δία,
892 3579 982 3632 multis
997 3576 1032 3631 de
1045 3577 1141 3632 modis.

267 3656 355 3707 malum
362 3695 370 3719 ,
384 3657 495 3710 Narrare
506 3661 615 3729 occipit?
630 3658 702 3710 Mitte
711 3671 782 3728 atque
866 3658 933 3711 321.
961 3659 1083 3729 carpto,
1107 3671 1160 3712 etc.
1186 3660 1218 3713 C.
1241 3659 1276 3711 G.
1302 3675 1339 3710 m.

269 3735 329 3788 redi.
343 3733 408 3789 Sn.
425 3738 555 3790 Enimuero
574 3741 669 3789 reticere
683 3755 779 3809 nequeo.
826 3739 885 3793 Clit.
907 3749 957 3803 est,
974 3757 1027 3808 neq.
1038 3741 1103 3805 serr.
1118 3750 1171 3810 pot.
1194 3751 1239 3801 est.
1262 3739 1339 3790 Rem.

266 3814 354 3867 Multis
379 3817 454 3872 modis
475 3819 577 3890 injurius
598 3829 635 3869 ese
651 3817 780 3887 Clistpto:
827 3819 888 3873 clte.
906 3839 947 3882 es,
968 3837 1022 3892 neq.
1032 3820 1096 3885 serr.
1114 3830 1190 3888 potes.
1206 3849 1246 3860 -
1264 3819 1339 3869 Tuee.

266 3896 781 3968 nequeserripotlsese.Curr.Audiendm
824 3899 887 3952 Post
917 3912 968 3950 tace
991 3899 1076 3951 nostri
1104 3917 1197 3952 ornnes
1220 3895 1341 3960 addunt,

265 3965 469 4045 hemleestfftace.
479 3977 559 4032 Cirr.
569 3977 639 4045 Quod
647 3985 704 4029 est?
714 3977 782 4031 Suu.
827 3979 906 4033 Cnrr.
924 3979 993 4046 Ouid
1006 3972 1061 4030 est?
1074 3978 1131 4033 Nisi
1144 3975 1218 4048 quod
1232 3995 1264 4030 ex
1287 3979 1340 4029 ne-

267 4053 457 4122 Vuumm,vis
465 4057 622 4128 pourtQuss
630 4057 778 4130 posteriora
829 4057 878 4128 giis
898 4077 967 4113 unus
982 4059 1010 4110 id
1025 4059 1123 4123 hibet,
1142 4058 1201 4112 loco
1216 4062 1258 4111 τοῦ
1277 4070 1339 4109 tace.
