3014 4872
265 431 294 478 u
441 405 713 476 PRAEFATIO
740 405 875 476 Novl
903 407 1161 479 EDITORIS

261 604 475 698 laborum
519 625 786 697 nostrorum
831 606 1007 720 socius,
1054 608 1330 732 praecipuam

260 765 398 889 hujus
419 769 568 889 operis
587 760 857 854 conficiendi
874 784 1054 885 partem
1071 765 1197 882 tulit3
1223 788 1329 858 ante

262 927 419 1016 omnia
438 958 525 1049 pro
546 921 712 1014 talibus
734 923 908 1013 meritis
932 943 1081 1048 grates
1101 933 1154 1014 ex
1174 927 1328 1016 animo

259 1087 480 1174 maximas
503 1085 680 1209 agimus
702 1065 898 1186 libenter
919 1101 964 1170 et
982 1079 1218 1173 habemus.

329 1256 485 1375 Ipsum
498 1245 541 1336 N
543 1243 655 1332 ostri
667 1240 875 1329 Auctoris
889 1255 1066 1328 textum
1080 1237 1173 1330 fere
1187 1241 1328 1331 talem

260 1413 453 1506 omnino
479 1401 706 1514 dedimus,
729 1397 911 1524 qualem
936 1396 1074 1488 editio
1103 1401 1151 1487 in
1175 1399 1326 1490 lucem

256 1573 436 1700 pro'lata
456 1565 633 1690 Lipsiae,
649 1591 771 1650 anno
801 1557 936 1672 1821,
962 1590 989 1647 a
1012 1556 1130 1647 Frid.
1156 1559 1323 1652 Christ,

251 1731 417 1850 (ὶοῐῐΙ.Ι
440 1729 630 1816 Pnnnnr.
668 1716 738 1808 Ad
770 1746 908 1846 quem
945 1716 1207 1844 eligendum
1240 1749 1326 1850 nos

254 1889 439 2016 impulit
460 1905 561 1974 tum
584 1880 840 2007 aequissimo
859 1876 963 1997 jure
986 1897 1117 1999 parta
1140 1877 1325 1968 editoris

256 2049 403 2161 fama,
428 2058 529 2133 tum
548 2034 928 2164 quod-omniurn,
960 2035 1040 2161 qui
1069 2055 1203 2124 antea
1228 2035 1326 2156 jam

257 2209 527 2299 'exstiterunt
549 2227 684 2320 super
701 2195 918 2283 Terentio
942 2191 1159 2318 laborum
1164 2264 1176 2309 ,
1201 2194 1326 2285 haud

256 2361 487 2457 immerito
507 2384 686 2448 summa
708 2349 868 2441 haberi
887 2369 1054 2475 potest,
1074 2372 1234 2475 utpote
1257 2388 1326 2444 re-

256 2523 532 2632 centissima,
548 2514 646 2634 ejus
654 2511 810 2602 editio.
825 2509 1005 2626 Quibus
1025 2533 1239 2602 caeterum
1255 2545 1325 2602 ra·

254 2678 459 2775 tionibus
481 2703 617 2764 suum
647 2669 923 2758 Isenaeensis
952 2668 1181 2791 professor
1208 2705 1324 2794 opus

257 2837 478 2967 exegerit,
493 2835 645 2956 ipsum
657 2861 767 2918 mox
783 2827 937 2918 audies
951 2829 1000 2915 in
1017 2832 1202 2952 propria
1217 2863 1325 2953 prus·

255 3001 426 3092 satione
449 2993 758 3084 disserentem.
781 2985 921 3109 (Vide
939 2985 1078 3102 infra,
1093 3017 1195 3115 pag.
1207 3016 1253 3078 xt
1262 2991 1290 3111 )

317 3161 397 3250 Sin
415 3173 568 3244 autem
588 3146 702 3239 ¹odeo
715 3145 925 3260 fideliter,
945 3163 991 3235 et
1004 3143 1152 3235 dicam
1164 3171 1324 3272 prope-

255 3317 450 3411 modum
473 3311 630 3424 uniee‚
653 3306 818 3397 Perleti
847 3305 1044 3431 vestigiis
1072 3306 1323 3397 insistimus

256 3483 305 3569 in
337 3495 464 3566 textu
490 3461 883 3594 recognoscend0‚
910 3495 1152 3587 possumus
1184 3466 1323 3589 profi·

254 3638 341 3728 teri
363 3665 448 3724 nos
465 3628 613 3719 multo
629 3622 817 3714 liberius
835 3625 977 3749 egisse
989 3623 1038 3710 in
1052 3655 1107 3714 eo
1121 3623 1247 3748 quod
1266 3623 1324 3714 ad

257 3790 682 3919 interpretationem
693 3783 868 3875 attinet.
882 3781 1104 3908 Equidem
1116 3783 1245 3873 luero
1254 3815 1324 3907 pa·

257 3960 370 4046 riter
397 3951 691 4076 apposuimus
723 3942 888 4034 Perleti
917 3944 1320 4057 commentarium,
