2926 4858
400 37 414 92 λ

287 399 385 447 cxxx
423 379 546 448 LOCA
564 373 811 454 MENANDRI
832 378 889 448 ET
905 381 1205 452 APOLLODORI

283 509 333 577 Τὰ
355 520 464 604 πρῶτοι
482 511 583 590 πάσης
602 521 659 589 τῆς
680 504 834 592 ἀναιδείας
848 514 920 606 ἔχει.
1083 599 1084 602 ¹

240 669 242 680 ι
281 614 341 687 Ille
358 642 456 705 vero,
473 618 529 714 qui
546 641 609 686 nec
624 618 820 688 erubescere
835 621 945 707 novit,
958 644 1066 714 neque
1084 635 1251 704 metuere,

282 723 457 794 Universae
476 723 690 820 irnpudentiae
709 727 832 819 primas
852 739 955 796 tenet.

279 829 363 898 lbid.
388 820 456 924 (vs.
480 820 564 926 99.)
591 833 764 900 «Homine
791 833 946 928 imperito
976 857 1146 928 nunquam
1171 829 1352 927 quidquam

334 937 524 1030 injustius»
546 937 759 1007 Menander:
796 983 800 994 ·
1384 941 1385 944 ’

279 1045 348 1112 Οὐκ
364 1041 427 1111 ἔστ’
440 1043 542 1123 ἀνοίας
561 1035 666 1128 οὐδὲν,
681 1050 721 1124 ὡς
739 1046 807 1137 ἐμοὶ
821 1036 920 1126 δοκεῖ,

277 1150 524 1244 Τολμηρότερον.

277 1255 367 1326 Nihil
390 1258 545 1351 imperito
566 1256 786 1327 videturesse
807 1257 974 1328 audacius.

563 1419 642 1488 Aer.
672 1441 709 1487 11.
740 1423 795 1489 Sc.
823 1443 836 1488 1
867 1407 931 1511 (vs.
961 1407 1060 1513 198).

278 1577 446 1646 «Minime
465 1579 582 1663 miror,
600 1581 657 1672 qui
678 1578 822 1648 insanire
839 1561 1010 1674 oeoipiunt
1026 1602 1071 1646 ex
1089 1577 1251 1672 injuria.»
1270 1580 1347 1645 Me-

327 1681 455 1752 nander
468 1699 477 1748 :

274 1775 381 1882 Οἴμοιδ
407 1791 445 1858 τὸ
463 1786 521 1886 γὰρ
544 1785 628 1882 ἄφνω
648 1781 809 1884 δυστυχεῖν
830 1793 942 1882 μανίαν
958 1795 1050 1858 ποιεῖ.

271 1897 334 1964 Hei
353 1896 449 1984 mihi,
463 1911 502 1966 ut
520 1896 730 1993 repentinum
748 1897 968 1968 infortunium
984 1895 1144 1964 insaniam
1164 1891 1268 1989 parit!

537 2059 620 2168 Aer.
651 2079 689 2124 ιι.
719 2057 773 2126 Sc.
804 2076 850 2125 ιιι
880 2043 944 2147 (rs.
976 2041 1078 2147 260).

276 2217 451 2284 «Fratrem
473 2214 600 2284 homini
620 2215 745 2283 nemini
762 2237 871 2283 esse.»
896 2211 1104 2282 Menander:

271 2305 317 2398 Ως
337 2314 398 2394 ἡδύ
415 2323 445 2415 γ’
467 2323 497 2388 ἐν
520 2313 664 2415 ἀδελφοῖς
682 2323 764 2388 ἐστιν
781 2319 922 2412 ὁμονοίας
939 2321 1025 2412 ἔρως.

268 2427 382 2514 Quam
401 2425 569 2519 jucundus
591 2441 641 2496 est
662 2427 748 2496 inter
771 2425 890 2496 fratres
910 2424 1098 2496 eoncordiae
1116 2448 1221 2494 amor.

544 2589 627 2657 Aer.
656 2609 708 2656 ιιι.
737 2588 791 2657 Sc.
821 2609 848 2656 n
876 2575 940 2680 (vs.
972 2573 1074 2676 331).

275 2743 396 2836 «Quid
410 2745 480 2839 jam
500 2743 709 2815 eredasinut
725 2746 778 2813 cui
797 2742 960 2814 credaris
980 2741 1185 2814 Menander:

264 2838 326 2926 Md
342 2853 447 2920 πάντα
464 2861 557 2946 πειρῶ
575 2856 652 2921 πᾶσι
665 2853 818 2921 πιστεύειν
839 2849 895 2918 οἱοί.

269 2957 445 3029 Credenda
463 2959 591 3030 cunctis
608 2982 680 3028 esse
698 2972 879 3028 cunctane
898 2971 992 3051 puta.

532 3117 616 3185 Aer.
644 3138 697 3185 111.
727 3117 783 3185 Sc.
811 3137 849 3183 rr
877 3109 937 3199 (rs.
968 3100 1083 3208 491)ss

274 3303 292 3341 α
306 3274 409 3366 Quod
423 3299 484 3345 vos
501 3275 552 3344 vis
566 3277 673 3369 cogit,
685 3303 702 3338 r>
719 3286 782 3342 etc.
796 3269 884 3341 Vide
902 3269 1013 3342 locum
1029 3269 1226 3358 Menandri,
1240 3296 1341 3367 quern

321 3382 377 3452 hie
394 3395 429 3454 et
445 3405 544 3477 supra
564 3381 725 3475 expressit
741 3379 785 3452 ad
800 3381 1029 3451 Heautontim.
1047 3380 1128 3448 Aer.
1151 3402 1186 3448 u.
1207 3381 1262 3448 Sc.
1286 3403 1340 3449 ιιι.

552 3542 638 3610 Aer.
667 3561 715 3609 ιν.
742 3540 795 3608 Sc.
815 3561 839 3606 v
867 3533 927 3622 (vs.
957 3525 1061 3628 643).

271 3729 290 3766 ιι
299 3697 411 3770 Tacet.
426 3728 443 3764 n
462 3695 670 3766 Menander:

269 3809 403 3883 Πολλοῖς
424 3806 582 3898 ἀπόκρισις
602 3810 621 3878 ἡ
639 3805 738 3876 σιωπὴ
755 3801 910 3896 τυγχάνει.

265 3909 367 4001 Apud
389 3911 510 3981 multos
531 3911 696 3980 silentium
719 3907 795 3978 loeo
817 3907 1038 4001 responsionis
1060 3919 1121 3976 est.

264 4021 352 4094 lbid.
375 4013 438 4108 (vs.
456 4007 570 4113 647)„
586 4016 774 4102 «Erubuit,
788 4012 878 4084 salva
894 4037 946 4086 res
960 4027 1020 4084 est.
1032 4041 1050 4077 o
1068 4011 1255 4084 Menander
1273 4041 1282 4080 ε
