2890 4866
325 405 408 453 cxvt
480 379 694 450 DANIELIS
718 380 886 450 HEINSII
915 367 1225 448 ntsssstt‘rfflo.

326 506 412 573 enim
426 505 536 598 potius
550 526 649 597 quam
661 501 813 574 festivum
831 517 881 572 est
895 531 904 571 ε
921 516 970 588 et,
983 516 1022 570 ut
1034 501 1076 570 sit
1087 499 1260 587 festivum,
1273 526 1395 581 nermo,

326 633 404 678 vere
426 612 460 678 in
477 609 528 678 his
545 607 717 694 subactus,
731 609 849 678 dixerit
865 621 1041 678 venustum
1057 631 1149 676 esse:
1165 607 1207 676 ab
1220 632 1287 676 usu
1305 609 1395 676 enim

326 739 425 809 quum
443 713 632 810 longissime
649 729 813 784 remotum
832 729 890 784 est.
908 717 982 782 Jarn
997 735 1096 798 vero,
1109 737 1212 807 quum
1227 713 1262 781 in
1277 715 1396 784 verbis

326 819 483 914 frigidum
501 834 559 891 aut
574 822 608 888 in
625 820 741 904 rebus3
757 819 798 888 de
813 819 923 890 verbis
941 817 1147 905 Aristoteles,
1159 818 1201 888 de
1216 819 1326 888 rebus
1344 819 1395 887 aiii

327 940 478 1020 egerunt.
506 925 673 1018 Frigidum
697 939 807 994 autem
834 926 905 1018 jam
931 947 1111 1010 vocamus,
1134 948 1201 994 non
1227 925 1396 1018 magn'dn

326 1033 469 1125 quentiae
493 1031 637 1099 vicinum
658 1029 739 1099 illud
764 1031 881 1100 vitium
904 1023 1123 1124 (quamquam
1147 1028 1227 1098 iilud
1253 1055 1393 1124 quoque

325 1135 447 1206 hebere
476 1137 531 1205 hic
560 1134 671 1206 locum
696 1129 823 1231 potest)
837 1131 928 1230 quod
948 1134 1115 1204 discedere
1139 1137 1181 1204 ub
1201 1135 1396 1204 urbanitate

326 1241 454 1311 dicitur.
474 1241 595 1330 Quod,
616 1256 653 1310 ut
673 1240 823 1310 nonnihil
844 1265 864 1310 a
885 1240 1014 1311 dicendi
1035 1242 1090 1310 hic
1108 1241 1272 1336 magistris
1293 1241 1392 1310 abea-

327 1372 421 1433 mus,
441 1346 547 1418 modis
572 1345 611 1416 fit
635 1345 796 1440 pluribus.
804 1346 866 1416 vet
891 1349 926 1414 in
952 1346 1070 1441 frigida
1094 1345 1324 1445 translatione.
1348 1349 1391 1415 tt

326 1475 429 1546 quum
443 1452 558 1522 dentes
576 1450 712 1522 calceati
725 1453 898 1522 dicuntur.
914 1455 1012 1545 Cupt.

405 1637 478 1693 Cum
489 1634 622 1693 calceatis
635 1633 770 1694 dentibus
780 1634 894 1693 veniam
907 1646 1010 1692 temen.

324 1807 369 1873 Et
387 1827 489 1898 quum
512 1805 632 1892 virtus,
656 1807 806 1879 «senteis
828 1805 988 1892 esitare,»
1008 1819 1042 1874 et
1059 1825 1278 1899 «scruposam
1304 1805 1388 1872 viam

327 1931 538 1980 commeare»
563 1910 703 1980 dicitur:
718 1935 790 2006 quae
808 1935 886 1980 saue
904 1909 1036 2004 frigent.
1044 1909 1108 1980 vet
1126 1911 1160 1978 in
1178 1909 1328 1982 minimis
1349 1909 1389 1979 al·

328 2013 519 2088 lusiunculis
535 2030 569 2085 et
581 2005 679 2112 longe
695 2019 812 2112 petitis.
827 2018 876 2086 Ut
888 2013 1046 2086 Poenulo:

404 2189 577 2248 Mu'Assum
587 2188 666 2268 apud
680 2201 709 2247 te
720 2207 829 2248 cocum.
841 2193 896 2248 An·
907 2193 948 2249 At
960 2206 1014 2266 ego
1026 2187 1117 2246 elixus
1130 2187 1169 2247 sir
1178 2187 1255 2246 volo.

326 2363 370 2429 Et
386 2355 475 2453 quod
496 2355 542 2425 illi
561 2354 686 2452 placuit
702 2382 770 2428 non
788 2354 911 2426 semel:

407 2527 497 2606 Magis
508 2527 599 2587 calleo
609 2547 696 2605 quam
711 2547 872 2606 aprugnum
885 2529 989 2587 cellum
1000 2529 1092 2589 uellet.

323 2691 424 2776 Item,

407 2849 518 2911 Cnilum
532 2869 692 2930 aprugnum
705 2869 786 2928 nque
799 2849 904 2910 callere
915 2871 974 2910 non
986 2851 1085 2910 sinam.
1128 2925 1131 2932 1

325 2990 386 3076 ut,

406 3129 522 3198 Quanta
533 3124 637 3184 sumini
649 3123 824 3198 absumedo‚
837 3107 946 3204 quatita
958 3125 1032 3186 celio
1047 3101 1206 3187 enemim!

326 3280 371 3350 Et
388 3275 524 3350 Curcul.

543 3444 638 3503 Facite
648 3457 765 3504 ventum
779 3457 812 3503 ut
825 3445 973 3522 gaudeam.

403 3545 454 3600 Pu.
467 3540 603 3600 Maxime.
622 3543 673 3600 Cu.
687 3539 767 3615 Quid
778 3540 889 3600 facitis?
902 3562 1011 3620 quaeso.
1022 3549 1074 3604 Pu.
1089 3549 1225 3604 Ventum.
1244 3548 1297 3606 Cu.
1310 3548 1378 3608 Nolo

481 3638 615 3716 equidem
628 3637 699 3696 mihi

400 3733 476 3791 Fieri
495 3734 653 3794 ventulum.
675 3737 728 3792 Pu.
750 3735 828 3808 Quid
848 3737 936 3816 igitur
955 3738 1018 3797 vis?
1033 3738 1087 3797 Cu.
1110 3743 1195 3812 Esse,
1214 3754 1248 3800 ut
1267 3756 1377 3801 ventum

483 3831 631 3908 gaudeam.

321 3992 413 4080 Quas
432 4017 533 4085 quum
556 3969 771 4064 Grimmatici
789 3997 916 4084 Latini,
931 3999 988 4092 qui
1010 3999 1107 4070 citius
1122 3998 1239 4070 celum
1259 4001 1375 4098 digito,
