2926 4858
208 359 336 406 nxrxvr
565 335 635 404 DE
661 332 923 408 THEATRO.

203 459 331 529 tionem
347 455 546 546 Comoediae,
561 456 670 528 Graeci
684 461 811 528 Drama
825 469 999 526 roearrmt.
1017 455 1083 527 Sed
1098 470 1132 526 et
1144 481 1278 528 scena·

203 582 328 639 vocant
347 567 495 654 Comici,
510 564 676 662 quidquid
692 567 767 638 duae
785 582 845 637 aut
863 580 932 636 tres
947 591 1098 662 persona
1115 570 1280 639 sermonis
1297 613 1299 619 ι

205 680 329 775 integri
348 691 382 747 et
399 676 544 748 absoluti
562 676 818 774 colloquuntur,
840 677 974 773 illicque
990 677 1066 750 finit
1086 703 1201 765 scena,
1220 680 1280 750 ubi

205 806 265 862 aut
281 783 393 884 aliqua
415 813 558 885 persona
576 789 838 886 introgreditur,
856 804 917 859 aut
934 787 999 859 alia
1020 789 1063 859 ad
1078 789 1207 875 forum,
1221 805 1280 858 aut

205 899 286 972 alibi
304 899 346 970 ad
361 900 506 969 vicinam
531 900 646 970 currit.
666 902 773 970 Actus
793 914 906 972 autern
923 899 1038 994 plures
1056 925 1170 972 scenas
1187 923 1280 969 com·

205 1011 445 1106 prehendebat.
465 1014 591 1104 Estque
608 1011 646 1080 in
663 1010 838 1084 Comoedia
858 1036 936 1106 pars
954 1010 1203 1105 quodammodo
1218 1011 1280 1081 ab·

204 1120 313 1192 soluta
327 1136 361 1192 et
374 1123 520 1216 integra,
534 1120 685 1192 nondum
700 1136 813 1194 tamen
829 1147 901 1194 rem
913 1146 1049 1192 omnem
1064 1121 1203 1210 finiens,
1216 1121 1276 1192 sed

206 1234 254 1303 ita
267 1232 477 1306 dimidiatam
490 1229 699 1326 relinquens,
715 1249 756 1304 ut
770 1234 937 1329 respirent
949 1247 1171 1328 spectatores,
1188 1248 1223 1304 et
1233 1233 1283 1302 fa-

207 1343 305 1416 cilius
323 1357 568 1430 commutetur,
585 1343 752 1440 quidquid
767 1345 804 1414 in
823 1344 961 1440 reliquis
975 1344 1157 1415 Comoediae
1174 1344 1283 1438 parti-

208 1456 272 1526 bus
284 1469 454 1550 superest:
467 1453 502 1523 id
520 1469 633 1524 autem
644 1471 739 1526 actus
753 1470 962 1527 commutare
973 1455 1138 1526 dioebant.
1150 1459 1284 1526 Interea

206 1563 303 1632 mimi
321 1561 461 1634 dicteria
476 1579 510 1634 et
527 1565 676 1636 diverbia
694 1566 902 1654 referebant,
920 1567 1214 1660 recitabanturque
1227 1591 1285 1635 ne·

209 1673 279 1744 scio
302 1699 377 1768 quae
395 1674 565 1768 jucunda,
588 1702 664 1772 quae
684 1675 848 1774 populum
871 1676 938 1748 alia
959 1675 1185 1774 oblectatione
1206 1675 1284 1746 affi-

208 1799 334 1854 cerent.
358 1788 399 1854 In
419 1785 593 1858 Comoedia
611 1812 690 1858 vero
708 1787 822 1885 plures
838 1803 934 1858 erant
958 1777 1151 1882 hujusmodi
1172 1801 1285 1872 actos,

210 1894 396 1966 secundum
412 1897 460 1964 rei
474 1898 690 1992 gravitatem,
707 1913 767 1970 aut
781 1899 955 1970 rationem.
966 1897 1215 1970 Comoediarum
1229 1921 1288 1966 au·

209 2023 276 2077 tem
304 2011 456 2080 recitatio
477 2011 512 2080 in
535 2035 634 2082 seona
657 2010 757 2081 Actio
781 1995 979 2095 dicebatur;
996 2005 1087 2077 unde
1105 2005 1208 2074 etiarn
1226 2005 1287 2098 qui

209 2120 376 2216 agebant,
396 2136 430 2190 et
452 2120 583 2194 fabulas
605 2120 890 2216 pronuntiabant,
915 2121 1056 2190 Actores
1077 2117 1168 2187 dicti.
1187 2117 1288 2186 Actio

208 2255 344 2327 quoque
353 2231 396 2301 ad
410 2233 572 2302 orationis
583 2231 894 2326 pronuntiationem
907 2229 1127 2315 transfertur3
1138 2241 1177 2296 ut
1185 2227 1289 2296 etiam

210 2341 283 2434 ipsa
301 2342 409 2411 oratio
433 2342 578 2413 rhetoris
598 2340 649 2411 vel
668 2343 793 2438 scripta
809 2340 863 2413 vel
886 2340 1106 2436 pronuntiata
1126 2339 1216 2411 actio
1239 2336 1289 2406 di·

213 2464 320 2520 catur.

292 2701 293 2704 ¹
317 2673 619 2744 SCENICORUM
647 2673 874 2745 Acrouutu
898 2670 1183 2742 DIVERSITAS.

261 2898 303 2963 In
320 2919 453 2964 scenam
467 2918 537 2963 non
555 2891 665 2962 solum
682 2889 934 2962 Comoediarum
957 2904 1017 2959 aut
1034 2887 1291 2984 Tragoediarum

214 3007 355 3075 Actores
375 3003 458 3101 (qui
477 3002 620 3098 tragoedi
643 3017 676 3073 et
698 3001 840 3072 comoedi
865 2998 1086 3094 dicebantur)
1110 2998 1294 3094 prodibant

124 3103 127 3110 ¹
215 3115 251 3184 in
268 3112 518 3210 spectaculum,
539 3113 714 3184 sedetiam
727 3112 840 3200 mimi,
858 3110 1075 3205 pantomimi,
1091 3107 1295 3196 archimimi,

212 3225 380 3322 ethologi,
400 3225 548 3321 ethopoei
561 3250 571 3313 ;
584 3248 703 3294 omnes
719 3249 789 3294 uno
809 3221 947 3292 nomine
961 3219 1145 3316 hypocritae
1160 3218 1215 3315 (id
1226 3233 1295 3308 est,

212 3335 330 3405 alienae
343 3360 493 3431 personae
512 3331 746 3427 simulatores)
762 3332 862 3418 dicti3
880 3346 1046 3403 eteorum
1064 3331 1152 3400 actio
1163 3379 1173 3418 ,
1184 3329 1294 3425 hypo-
1349 3411 1352 3416 Ι

212 3446 324 3532 crisis,
337 3445 447 3535 idest,
462 3445 577 3517 alienae
590 3469 740 3540 personae
755 3442 946 3532 simulati03
958 3442 1088 3514 latinis
1103 3440 1296 3530 histriones,

216 3554 456 3652 ludionesque,
482 3571 542 3630 aut
568 3556 671 3626 etiam
694 3553 779 3626 ludii
801 3553 972 3630 dicuutur.
993 3552 1092 3624 Mimi
1110 3551 1297 3622 imitatores

217 3681 296 3738 sunt
324 3681 498 3762 gestuum,
519 3691 665 3754 vocum,
684 3680 743 3736 aut
771 3689 946 3761 gressuum
971 3660 1114 3754 alicujus
1142 3682 1298 3755 personae

215 3781 303 3850 inter
323 3777 429 3866 alias,
445 3777 542 3871 cujus
568 3773 711 3848 ridicula
739 3776 783 3847 sit
805 3801 891 3864 vox,
909 3764 970 3846 aut
992 3771 1083 3842 aliud
1106 3771 1292 3866 quidpiam.

214 3891 419 3962 Pantomimi
437 3891 591 3961 omnium
616 3909 837 3986 personarum
860 3888 1045 3958 imitatores
1063 3896 1143 3954 sunt
1165 3881 1296 3972 efficto-

189 4079 195 4092 ,
211 4025 349 4096 resque,
359 4016 398 4072 ut
411 4016 444 4072 et
460 3998 636 4090 mulieres,
653 4015 685 4072 et
700 4023 812 4089 senes,
824 4014 857 4070 et
867 3999 1008 4094 juvenes
1022 4049 1033 4087 ,
1048 4020 1087 4068 ac
1101 3995 1295 4090 cujuscum-
