2890 4866
263 405 322 450 cvr
422 383 638 452 DANIELIS
666 384 837 455 HEINSll
865 383 1176 454 DISSERTATIO.

740 509 800 563 Vos
815 504 993 582 exemplaria
1006 509 1110 563 Graeca

483 603 634 658 Nocturna
648 614 761 660 versate
777 623 882 674 manu,
896 614 1007 661 versate
1018 601 1124 662 diurna
1136 625 1143 658 :

260 749 379 805 contra
393 733 628 831 negligentiam
646 761 782 808 suorum
804 751 838 808 et
850 739 1014 808 incuriam
1034 738 1226 833 gravissime
1240 753 1356 810 taxa-

262 857 323 912 ret.
346 842 472 931 Quidni
495 845 605 931 enim,
634 845 691 938 qui
709 845 775 914 hoc
802 859 876 914 tum
892 844 1029 940 a'gebat,
1048 844 1139 939 quod
1160 857 1355 914 antaeum

163 1014 164 1029 ,
265 947 540 1045 Aristoteleslqui
553 949 880 1047 ubique-Euripidem
891 965 926 1021 et
938 949 1019 1021 alios
1029 953 1064 1020 in
1080 949 1143 1021 illis
1158 951 1356 1046 reprehen-

261 1055 312 1124 dit
322 1082 330 1122 :
339 1055 381 1125 de
389 1045 615 1152 Comicis'quae
627 1059 773 1153 scripsit,
783 1058 882 1130 hodie
894 1083 962 1128 non
976 1071 1116 1128 exstant.
1123 1060 1229 1127 Porro
1239 1059 1353 1126 simul

265 1185 305 1232 ac
313 1164 417 1232 Poeta
423 1165 598 1233 Actionem
611 1163 1027 1260 habealooumquoqueut
1035 1165 1352 1235 actionidetneces·

264 1295 299 1340 se
316 1281 382 1353 est,
393 1271 471 1364 quia
482 1272 552 1339 sine
564 1268 638 1339 loco
656 1271 729 1342 fieri
746 1272 792 1342 nil
811 1287 930 1367 potest.
941 1273 1005 1340 llic
1014 1285 1124 1340 autem
1138 1269 1231 1340 locus
1240 1275 1349 1346 σκηνὴ

262 1368 423 1470 δράματος
442 1401 462 1444 a
481 1377 614 1447 Critiois
644 1392 800 1467 vocatur,
817 1379 911 1473 eujus
931 1377 1031 1448 finem
1051 1376 1214 1447 transilire
1231 1377 1347 1448 nefas.

262 1485 373 1553 Nemo
391 1484 480 1552 enim
503 1498 654 1579 tempore
675 1484 809 1572 eodem,
825 1485 945 1580 quoda
962 1483 1079 1554 Plauto
1100 1482 1347 1571 rectedicitur,

263 1587 343 1658 alibi
364 1603 464 1684 atque
482 1589 559 1659 alibi
585 1593 709 1660 versari
733 1603 865 1687 potest:
881 1593 943 1660 nisi
966 1589 1090 1685 aliquid
1109 1603 1346 1661 monstrosum

263 1695 322 1765 frat
342 1697 377 1765 in
395 1697 577 1768 Comoedia.
599 1695 692 1768 ldem
704 1711 832 1785 tamen,
850 1721 954 1792 quum
973 1694 1185 1766 Curculionis
1200 1721 1345 1766 scenam

263 1801 423 1898 Epidauri
452 1805 631 1898 posuisset,
652 1807 796 1876 Romam
817 1805 936 1872 transit
952 1805 987 1872 in
1003 1802 1136 1886 eadem,
1158 1805 1249 1873 etin
1265 1805 1344 1872 Ro-

263 1931 440 1979 manorum
464 1935 595 2000 mores,
609 1935 716 1981 scenae
731 1935 798 1980 suae
806 1911 877 2004 jam
889 1909 1027 1999 oblitus,
1036 1907 1139 1978 libere
1149 1910 1343 1980 invehitur:

262 2029 296 2084 et
316 2015 468 2110 quidem,
487 2031 526 2088 ut
536 2017 662 2113 antiqui
682 2019 830 2104 Comici,
847 2017 1014 2103 tributim,
1031 2017 1077 2086 ita
1096 2029 1190 2086 utet
1206 2015 1343 2113 singula

262 2121 428 2192 describat
447 2122 542 2212 loca,
565 2128 638 2194 Act.
653 2147 704 2212 rr,
725 2147 826 2194 scena
847 2122 1025 2219 aAEdepol.
1040 2153 1057 2188 a
1081 2126 1156 2192 Jam
1178 2121 1221 2191 τὰ
1234 2119 1342 2219 ἄλογα

262 2230 296 2299 in
316 2228 450 2299 Fabulis
466 2253 567 2324 quam
586 2229 713 2300 multa?
728 2232 776 2299 ita
789 2255 893 2319 voco,
907 2255 983 2325 quoe
999 2229 1080 2299 nihil
1094 2229 1271 2300 verisimile
1282 2230 1341 2298 ha·

261 2336 351 2406 bent.
368 2335 448 2406 Tale
466 2350 532 2424 est,
550 2335 709 2406 Sosiclem
724 2338 988 2422 Menaechmum,
1003 2338 1061 2431 qui
1076 2338 1206 2407 veniret
1223 2337 1339 2406 eSioi-

261 2442 320 2528 lia,
339 2457 531 2538 surreptum
546 2443 625 2512 item
647 2445 705 2538 qui
723 2444 759 2512 in
776 2442 887 2539 lllyria
905 2444 975 2538 jam
991 2443 1177 2533 habitaret,
1196 2443 1337 2528 habitu,

260 2550 380 2620 eodem
393 2563 565 2644 tempore,
578 2551 625 2619 ita
638 2548 736 2619 simili
753 2549 874 2640 finisse,
887 2563 926 2620 ut
943 2550 1093 2646 dignosci
1106 2575 1126 2618 a
1138 2553 1337 2646 spectatori·

259 2657 322 2726 bus
340 2681 409 2726 non
432 2671 583 2751 possent3
602 2681 705 2752 quum
731 2655 778 2727 nil
800 2655 906 2727 simile
930 2657 1093 2726 baberent
1112 2657 1183 2726 istae
1206 2671 1336 2751 gentes.

258 2763 361 2852 Quod
376 2764 493 2832 vitium
510 2787 587 2832 nea
605 2765 753 2861 chorago
774 2763 907 2860 quidem
926 2763 1097 2834 emendari
1111 2775 1230 2858 potest
1244 2761 1337 2832 Nam

258 2871 447 2940 Mercurius
460 2869 703 2966 Amphitryone
715 2885 749 2941 et
755 2874 887 2966 Jupiter
900 2873 958 2940 Dii
971 2884 1070 2940 sant:
1084 2869 1205 2965 quibus
1218 2871 1336 2939 omnia

259 2977 414 3063 concedi,
429 2977 527 3046 etiarn
543 2976 615 3066 hio,
634 2976 750 3048 solent.
766 2980 880 3068 Quare
893 2980 1065 3048 incurrere
1081 2979 1120 3045 τὸ
1135 2973 1247 3072 ἄλογον
1262 2999 1334 3046 non

258 3097 407 3179 possunt.
426 3084 495 3153 Ubi
512 3085 599 3153 enim
616 3086 674 3154 Dii
693 3100 817 3182 agunt,
840 3099 948 3154 cessat
962 3086 1056 3154 ratio.
1079 3082 1222 3174 Quidvis
1242 3084 1334 3152 enirn

258 3215 356 3287 posse
371 3215 446 3280 eos,
463 3215 563 3261 nemo
578 3205 629 3262 est
649 3194 706 3286 qui
729 3218 798 3263 non
820 3189 991 3286 intelligat.
1014 3193 1055 3260 In
1076 3191 1257 3278 Terentio,
1277 3191 1333 3259 cui

259 3297 321 3367 soli
341 3311 447 3368 artem
459 3297 596 3368 Flaccus
609 3313 722 3369 noster
734 3299 928 3395 assignarit,
939 3296 1020 3367 nihil
1031 3295 1108 3366 tale.
1116 3298 1239 3366 Omnia
1254 3321 1332 3366 cum

256 3404 400 3498 judicio,
418 3430 495 3474 cum
509 3407 653 3493 ratione,
668 3407 922 3501 circumspecte,
937 3430 978 3475 ex
993 3418 1080 3490 arte,
1093 3417 1128 3474 et
1141 3425 1219 3473 cum
1234 3427 1327 3472 cura.

257 3511 346 3582 Nam
361 3527 395 3582 et
410 3511 543 3582 Fabulae
560 3513 723 3607 insignem
740 3513 809 3583 fere
833 3537 911 3584 cum
931 3511 1099 3608 agnitione
1113 3510 1332 3580 mutationem

260 3617 404 3688 habeut:
420 3643 502 3715 quas
508 3673 520 3705 ,
540 3621 627 3689 inter
648 3618 705 3698 τὰς
720 3623 762 3714 μὴ
791 3621 892 3699 ἁπλᾶς
917 3621 985 3690 sive
1012 3619 1242 3715 πεπλεγμέναις,
1260 3641 1332 3687 esee

260 3726 518 3821 perfectissimas
535 3748 669 3796 necesse
685 3741 746 3797 est.
760 3726 876 3816 Qualis
895 3741 929 3796 et
947 3727 982 3796 in
995 3723 1122 3820 reliqua
1137 3724 1261 3818 ubique
1271 3725 1332 3794 Di·

262 3835 441 3930 spositione
466 3847 524 3903 est.
544 3831 646 3922 Quod
662 3832 704 3904 ad
717 3835 909 3906 Dictionem
934 3847 1065 3921 autem,
1086 3832 1159 3928 quis
1178 3830 1333 3926 negabit,

262 3941 413 4036 quaedam
429 3965 500 4010 esse
514 3940 549 4009 in
562 3937 701 4030 Plauto,
715 3965 789 4038 quae
801 3967 863 4014 nec
876 3941 988 4012 locum
1003 3953 1097 4010 extra
1112 3959 1266 4027 scenam,
1279 3963 1332 4008 ne

259 4073 324 4148 que
337 4075 433 4119 usum
450 4046 511 4118 nisi
526 4049 611 4117 inter
622 4047 797 4120 histriones
812 4047 959 4120 habent?
973 4047 1062 4117 unde
1079 4045 1151 4118 solo
1166 4061 1201 4116 et
1212 4046 1330 4140 exiguo
