2926 4858
283 403 366 452 xciv
427 379 679 452 DANNIELIS
705 380 873 450 HEINSII
899 379 1198 452 DISSERTATIO

285 529 341 574 ros
362 527 432 573 esse
451 504 700 574 arbitrantur.»
717 502 874 590 Quorum
894 500 1025 572 dierum
1048 504 1077 572 si
1096 505 1172 599 quis
1190 505 1359 576 rationem

284 613 469 702 subducat,
495 629 529 683 et
553 613 616 683 sub
634 613 768 682 initium
789 613 996 708 Septembris
1011 614 1130 684 cadere
1149 614 1265 686 Ludos
1284 621 1358 687 Ro·

281 749 415 810 manos,
431 739 465 794 et
483 748 551 794 non
567 721 712 819 amplius
733 747 853 793 novem
871 723 941 794 dies
961 723 1097 796 durasse
1116 724 1358 822 deprehendet.

281 837 334 906 De
351 835 391 904 iis
406 835 510 905 Ludis
524 835 687 905 Romanis
708 834 754 902 ita
768 834 888 905 Cicero
906 833 993 904 libro
1012 837 1131 931 quinto
1143 838 1178 906 in
1193 841 1356 909 Verrem:

279 975 299 1012 e
310 949 411 1020 Nunc
427 971 501 1015 sum
516 944 837 1039 designatnsAEdilis
847 971 857 1024 ;
869 946 978 1016 habeo
993 947 1156 1018 rationem
1171 949 1254 1043 quid
1267 973 1286 1017 a
1299 973 1359 1044 po-

280 1055 362 1155 pulo
379 1061 534 1127 Romano
554 1055 761 1151 acceperim3
780 1056 863 1125 mihi
881 1056 996 1127 Ludos
1014 1057 1237 1128 sanctissimos
1251 1060 1359 1128 maxi-

281 1195 337 1239 ma
355 1193 431 1239 cum
451 1167 642 1236 caerimonia
655 1167 788 1254 Cereri,
806 1168 952 1256 Liberae,
966 1167 1158 1264 Liberoque
1172 1165 1356 1253 faciendos,

279 1279 364 1348 mihi
382 1277 516 1348 Floram
533 1279 679 1346 Matrem
698 1276 825 1370 populo
839 1276 996 1373 plebique
1004 1283 1165 1348 Romanae
1177 1277 1357 1348 Ludorum

279 1389 470 1461 celebritate
487 1387 704 1483 placandam,
716 1388 799 1456 mihi
812 1389 926 1458 Ludos
937 1390 1202 1484 antiquissimos,
1216 1390 1274 1484 qui
1289 1389 1357 1484 pri·

276 1501 325 1569 mi
343 1498 487 1569 Romani
507 1513 586 1568 sunt
602 1496 777 1594 appellati,
797 1500 945 1569 maxima
963 1525 1041 1570 eum
1061 1501 1227 1596 dignitate
1245 1523 1285 1569 ac
1300 1525 1356 1569 re-

278 1609 405 1705 ligione
422 1609 516 1696 Jovi,
532 1609 681 1694 lunoni,
704 1609 935 1703 Minervaeque
953 1635 1026 1679 esse
1047 1608 1247 1696 faciundos,
1268 1607 1357 1677 mihi

280 1744 449 1790 sacrarum
462 1718 583 1788 aedium
598 1721 890 1814 procurationem,
904 1735 993 1790 etea
1006 1722 1084 1810 Quo
1099 1720 1173 1790 loco
1184 1719 1358 1815 Megalen·

281 1855 331 1901 ses
345 1830 459 1901 Ludos
475 1853 543 1900 non
559 1829 740 1915 omisisset,
759 1855 844 1924 quos
862 1830 986 1900 AEdiles
999 1856 1128 1900 summa
1142 1829 1306 1926 religione
1321 1847 1358 1902 et

278 1939 442 2036 dignitate
460 1940 645 2026 faciehant,
665 1941 728 2008 nisi
748 1941 849 2010 iidem
874 1956 908 2012 et
929 1941 1137 2037 Megalenses
1159 1940 1247 2011 Ludi
1267 1941 1357 2012 fitis-

195 2085 199 2094 ·
279 2067 355 2123 sent
372 2066 405 2121 et
418 2052 574 2122 Romani.
584 2055 657 2121 Hac
669 2065 781 2122 tamen
794 2066 865 2121 tota
878 2053 920 2122 de
934 2078 971 2124 re
984 2067 1211 2124 asseveranter
1224 2052 1357 2123 dietum

277 2161 365 2233 nihil
386 2160 497 2231 velim.

617 2317 1014 2354 ...n-000...—

493 2527 802 2619 naruanrs
856 2501 1176 2646 narnsrr,'

278 2747 339 2805 AD
354 2743 542 2804 nouam
555 2739 616 2800 DE
627 2743 801 2802 PLAU'I'O
815 2745 873 2802 ΕΤ
884 2747 1106 2808 TERENTIO
1118 2749 1356 2836 tumulum,

622 2919 1011 2998 nrssnnrarro.t
1078 3002 1082 3014 ,

457 3159 493 3212 At
506 3151 600 3210 nostri
615 3150 719 3230 proavi
731 3149 881 3212 Plautinae
893 3164 923 3212 et
935 3173 1072 3214 numeros
1082 3168 1112 3216 et
1242 3231 1249 3240 .

454 3249 626 3312 laudavere
635 3249 725 3322 sales3
738 3250 859 3309 nimium
875 3251 1022 3330 patienter
1036 3266 1209 3334 utrumque,

455 3353 501 3408 Ne
514 3346 609 3406 dicam
625 3345 726 3420 stulte,
737 3345 851 3404 mirati:
863 3347 887 3406 si
908 3348 997 3406 modo
1013 3369 1067 3430 ego
1080 3363 1110 3410 et
1124 3371 1175 3410 vos

456 3446 569 3506 Scimus
581 3441 758 3502 inurbanum
771 3443 870 3523 lepido
883 3465 1026 3524 seponere
1043 3446 1138 3522 dicto,

454 3541 685 3620 Legitimumque
698 3561 802 3600 sonurn
819 3541 917 3622 digitis
929 3545 1064 3606 callemus
1077 3559 1108 3605 et
1119 3567 1199 3606 aure.
1288 3557 1306 3572 ‘

331 3728 466 3798 Durum
477 3721 630 3818 equidem
638 3721 818 3815 judicium,
833 3739 867 3794 et
880 3723 969 3820 quod
983 3751 1052 3796 non
1066 3751 1165 3798 nemo
1178 3728 1243 3798 hae
1254 3745 1356 3802 aetate

276 3835 321 3906 de
341 3831 494 3928 leporum
511 3831 661 3900 omnium
681 3844 838 3925 parente,
856 3856 987 3902 summo
1004 3835 1131 3904 Critico
1149 3859 1189 3905 ac
1203 3839 1355 3930 marimo

320 4045 461 4107 'Vident
468 4047 567 4120 pariter
580 4047 615 4104 de
621 4049 717 4106 Plauto
726 4049 885 4107 etTereatio
894 4049 1182 4121 judiciammnctorel.
1190 4055 1352 4132 ΜιΙιωμ.
