<?xml version="1.0" encoding="UTF-8"?>
<!DOCTYPE html PUBLIC "-//W3C//DTD XHTML 1.0 Transitional//EN"
    "http://www.w3.org/TR/xhtml1/DTD/xhtml1-transitional.dtd">
<html xmlns="http://www.w3.org/1999/xhtml" xml:lang="en" lang="en">
 <head>
  <title>
</title>
<meta http-equiv="Content-Type" content="text/html;charset=utf-8" />
  <meta name='ocr-system' content='tesseract 3.04.00' />
  <meta name='ocr-capabilities' content='ocr_page ocr_carea ocr_par ocr_line ocrx_word'/>
</head>
<body>
  <div class='ocr_page' id='page_1' title='image "./publiiterentiia04lemagoog_0070.png"; bbox 0 0 2890 4866; ppageno 0'>
   <div class='ocr_carea' id='block_1_1' title="bbox 267 379 1067 474">
    <p class='ocr_par' dir='ltr' id='par_1_1' title="bbox 267 379 1067 474">
     <span class='ocr_line' id='line_1_1' title="bbox 267 379 1067 474; baseline -0.011 -4"><span class='ocrx_word' id='word_1_1' title='bbox 267 421 316 470; x_wconf 68' lang='grc' dir='ltr'><strong>ιι</strong></span> <span class='ocrx_word' id='word_1_2' title='bbox 527 395 699 468; x_wconf 81' lang='lat' dir='ltr'><strong>vrcroa</strong></span> <span class='ocrx_word' id='word_1_3' title='bbox 724 379 787 466; x_wconf 83' lang='lat' dir='ltr'><strong>nr.</strong></span> <span class='ocrx_word' id='word_1_4' title='bbox 812 393 1067 474; x_wconf 79' lang='lat' dir='ltr'><strong>cononum.</strong></span> 
     </span>
    </p>
   </div>
   <div class='ocr_carea' id='block_1_2' title="bbox 240 515 1357 4143">
    <p class='ocr_par' dir='ltr' id='par_1_2' title="bbox 240 515 1357 4143">
     <span class='ocr_line' id='line_1_2' title="bbox 266 515 1357 626; baseline -0.002 -24"><span class='ocrx_word' id='word_1_5' title='bbox 266 545 323 602; x_wconf 89' lang='lat' dir='ltr'><strong>tur</strong></span> <span class='ocrx_word' id='word_1_6' title='bbox 340 517 445 626; x_wconf 90' lang='lat' dir='ltr'><strong>(quod</strong></span> <span class='ocrx_word' id='word_1_7' title='bbox 460 529 576 602; x_wconf 83' lang='lat' dir='ltr'><strong>fecisse</strong></span> <span class='ocrx_word' id='word_1_8' title='bbox 593 528 714 600; x_wconf 90' lang='lat' dir='ltr'><strong>dicitur</strong></span> <span class='ocrx_word' id='word_1_9' title='bbox 731 531 859 626; x_wconf 90' lang='lat' dir='ltr'><strong>primus</strong></span> <span class='ocrx_word' id='word_1_10' title='bbox 878 529 1027 600; x_wconf 88' lang='lat' dir='ltr'><strong>omnium</strong></span> <span class='ocrx_word' id='word_1_11' title='bbox 1046 515 1209 622; x_wconf 79' lang='lat' dir='ltr'><strong>Tyrtaeus)</strong></span> <span class='ocrx_word' id='word_1_12' title='bbox 1226 551 1357 600; x_wconf 84' lang='lat' dir='ltr'><strong>mares</strong></span> 
     </span>
     <span class='ocr_line' id='line_1_3' title="bbox 268 631 1353 732; baseline -0.002 -26"><span class='ocrx_word' id='word_1_13' title='bbox 268 635 442 708; x_wconf 89' lang='lat' dir='ltr'><strong>dimidium</strong></span> <span class='ocrx_word' id='word_1_14' title='bbox 460 635 675 708; x_wconf 84' lang='lat' dir='ltr'>excedebant.</span> <span class='ocrx_word' id='word_1_15' title='bbox 695 637 730 706; x_wconf 87' lang='lat' dir='ltr'><strong>Si</strong></span> <span class='ocrx_word' id='word_1_16' title='bbox 747 637 859 732; x_wconf 91' lang='lat' dir='ltr'><strong>pueri,</strong></span> <span class='ocrx_word' id='word_1_17' title='bbox 874 650 946 706; x_wconf 91' lang='lat' dir='ltr'><strong>tum</strong></span> <span class='ocrx_word' id='word_1_18' title='bbox 964 633 1093 704; x_wconf 84' lang='lat' dir='ltr'><strong>feminis</strong></span> <span class='ocrx_word' id='word_1_19' title='bbox 1111 631 1243 702; x_wconf 92' lang='lat' dir='ltr'><strong>illorum</strong></span> <span class='ocrx_word' id='word_1_20' title='bbox 1270 659 1353 704; x_wconf 86' lang='lat' dir='ltr'><strong>ma·</strong></span> 
     </span>
     <span class='ocr_line' id='line_1_4' title="bbox 268 739 1352 836; baseline -0.002 -24"><span class='ocrx_word' id='word_1_21' title='bbox 268 743 321 836; x_wconf 84' lang='lat' dir='ltr'><strong>jor</strong></span> <span class='ocrx_word' id='word_1_22' title='bbox 338 768 495 812; x_wconf 91' lang='lat' dir='ltr'><strong>numerus</strong></span> <span class='ocrx_word' id='word_1_23' title='bbox 513 757 592 813; x_wconf 88' lang='lat' dir='ltr'><strong>crat.</strong></span> <span class='ocrx_word' id='word_1_24' title='bbox 611 744 669 812; x_wconf 90' lang='lat' dir='ltr'><strong>Sin</strong></span> <span class='ocrx_word' id='word_1_25' title='bbox 688 757 798 812; x_wconf 90' lang='lat' dir='ltr'><strong>autem</strong></span> <span class='ocrx_word' id='word_1_26' title='bbox 815 744 877 813; x_wconf 87' lang='lat' dir='ltr'><strong>viri</strong></span> <span class='ocrx_word' id='word_1_27' title='bbox 894 756 1024 813; x_wconf 91' lang='lat' dir='ltr'><strong>tanturn</strong></span> <span class='ocrx_word' id='word_1_28' title='bbox 1035 793 1045 826; x_wconf 92' lang='lat'><strong>,</strong></span> <span class='ocrx_word' id='word_1_29' title='bbox 1057 740 1197 834; x_wconf 84' lang='lat' dir='ltr'><strong>juvenes</strong></span> <span class='ocrx_word' id='word_1_30' title='bbox 1211 739 1352 810; x_wconf 87' lang='lat' dir='ltr'><strong>scilicet</strong></span> 
     </span>
     <span class='ocr_line' id='line_1_5' title="bbox 270 847 1351 944; baseline -0.004 -24"><span class='ocrx_word' id='word_1_31' title='bbox 270 873 310 920; x_wconf 87' lang='lat' dir='ltr'><strong>ac</strong></span> <span class='ocrx_word' id='word_1_32' title='bbox 334 874 447 937; x_wconf 89' lang='lat' dir='ltr'><strong>senes,</strong></span> <span class='ocrx_word' id='word_1_33' title='bbox 468 849 646 919; x_wconf 85' lang='lat' dir='ltr'>identidem</span> <span class='ocrx_word' id='word_1_34' title='bbox 665 863 771 944; x_wconf 80' lang='lat' dir='ltr'><strong>poetae</strong></span> <span class='ocrx_word' id='word_1_35' title='bbox 794 849 936 943; x_wconf 88' lang='lat' dir='ltr'><strong>majores</strong></span> <span class='ocrx_word' id='word_1_36' title='bbox 957 847 1133 934; x_wconf 84' lang='lat' dir='ltr'>tredecim,</span> <span class='ocrx_word' id='word_1_37' title='bbox 1151 847 1351 916; x_wconf 88' lang='lat' dir='ltr'><strong>minoribus</strong></span> 
     </span>
     <span class='ocr_line' id='line_1_6' title="bbox 269 953 1350 1051; baseline -0.003 -25"><span class='ocrx_word' id='word_1_38' title='bbox 269 955 423 1026; x_wconf 90' lang='lat' dir='ltr'><strong>undecim</strong></span> <span class='ocrx_word' id='word_1_39' title='bbox 442 954 685 1043; x_wconf 77' lang='lat' dir='ltr'><strong>admiscebant,</strong></span> <span class='ocrx_word' id='word_1_40' title='bbox 703 969 819 1051; x_wconf 83' lang='lat' dir='ltr'><strong>utpote</strong></span> <span class='ocrx_word' id='word_1_41' title='bbox 839 980 982 1050; x_wconf 90' lang='lat' dir='ltr'><strong>quorum</strong></span> <span class='ocrx_word' id='word_1_42' title='bbox 998 953 1040 1024; x_wconf 91' lang='lat' dir='ltr'><strong>de</strong></span> <span class='ocrx_word' id='word_1_43' title='bbox 1055 954 1191 1024; x_wconf 88' lang='lat' dir='ltr'><strong>nomine</strong></span> <span class='ocrx_word' id='word_1_44' title='bbox 1212 953 1350 1023; x_wconf 88' lang='lat' dir='ltr'><strong>chorus</strong></span> 
     </span>
     <span class='ocr_line' id='line_1_7' title="bbox 271 1048 1348 1160; baseline -0.002 -28"><span class='ocrx_word' id='word_1_45' title='bbox 271 1060 503 1160; x_wconf 83' lang='lat' dir='ltr'><strong>appellaretur.</strong></span> <span class='ocrx_word' id='word_1_46' title='bbox 515 1059 665 1150; x_wconf 84' lang='lat' dir='ltr'><strong>Quilibet</strong></span> <span class='ocrx_word' id='word_1_47' title='bbox 684 1077 795 1132; x_wconf 89' lang='lat' dir='ltr'><strong>nutem</strong></span> <span class='ocrx_word' id='word_1_48' title='bbox 811 1087 852 1132; x_wconf 87' lang='lat' dir='ltr'><strong>ex</strong></span> <span class='ocrx_word' id='word_1_49' title='bbox 867 1062 920 1132; x_wconf 87' lang='lat' dir='ltr'><strong>his</strong></span> <span class='ocrx_word' id='word_1_50' title='bbox 934 1061 1057 1132; x_wconf 88' lang='lat' dir='ltr'><strong>chorus</strong></span> <span class='ocrx_word' id='word_1_51' title='bbox 1075 1061 1109 1128; x_wconf 89' lang='lat' dir='ltr'><strong>in</strong></span> <span class='ocrx_word' id='word_1_52' title='bbox 1126 1075 1269 1154; x_wconf 89' lang='lat' dir='ltr'><strong>quatuor</strong></span> <span class='ocrx_word' id='word_1_53' title='bbox 1284 1048 1348 1152; x_wconf 89' lang='lat' dir='ltr'><strong>(ut</strong></span> 
     </span>
     <span class='ocr_line' id='line_1_8' title="bbox 268 1160 1347 1265; baseline -0.003 -26"><span class='ocrx_word' id='word_1_54' title='bbox 268 1160 380 1259; x_wconf 89' lang='lat' dir='ltr'><strong>aiunt)</strong></span> <span class='ocrx_word' id='word_1_55' title='bbox 395 1163 474 1263; x_wconf 80' lang='grc' dir='ltr'>ζυγὰ</span> <span class='ocrx_word' id='word_1_56' title='bbox 496 1166 722 1258; x_wconf 84' lang='lat' dir='ltr'><strong>dividebatur,</strong></span> <span class='ocrx_word' id='word_1_57' title='bbox 735 1195 877 1265; x_wconf 89' lang='lat' dir='ltr'><strong>quorum</strong></span> <span class='ocrx_word' id='word_1_58' title='bbox 902 1166 1030 1263; x_wconf 83' lang='lat' dir='ltr'><strong>singula</strong></span> <span class='ocrx_word' id='word_1_59' title='bbox 1048 1191 1105 1236; x_wconf 81' lang='lat' dir='ltr'><strong>ser</strong></span> <span class='ocrx_word' id='word_1_60' title='bbox 1128 1167 1347 1237; x_wconf 82' lang='lat' dir='ltr'><strong>continerent</strong></span> 
     </span>
     <span class='ocr_line' id='line_1_9' title="bbox 271 1273 1343 1371; baseline -0.004 -25"><span class='ocrx_word' id='word_1_61' title='bbox 271 1274 454 1346; x_wconf 83' lang='lat' dir='ltr'><strong>saltatores.</strong></span> <span class='ocrx_word' id='word_1_62' title='bbox 479 1275 654 1363; x_wconf 90' lang='lat' dir='ltr'><strong>Comicus,</strong></span> <span class='ocrx_word' id='word_1_63' title='bbox 676 1277 830 1371; x_wconf 90' lang='lat' dir='ltr'><strong>inquam,</strong></span> <span class='ocrx_word' id='word_1_64' title='bbox 849 1277 915 1346; x_wconf 91' lang='lat' dir='ltr'><strong>hoo</strong></span> <span class='ocrx_word' id='word_1_65' title='bbox 935 1287 1034 1369; x_wconf 89' lang='lat' dir='ltr'><strong>pacto</strong></span> <span class='ocrx_word' id='word_1_66' title='bbox 1058 1273 1181 1342; x_wconf 91' lang='lat' dir='ltr'><strong>chorus</strong></span> <span class='ocrx_word' id='word_1_67' title='bbox 1200 1295 1343 1368; x_wconf 86' lang='lat' dir='ltr'><strong>appara-</strong></span> 
     </span>
     <span class='ocr_line' id='line_1_10' title="bbox 269 1382 1344 1478; baseline -0.005 -25"><span class='ocrx_word' id='word_1_68' title='bbox 269 1383 379 1453; x_wconf 88' lang='lat' dir='ltr'><strong>batur.</strong></span> <span class='ocrx_word' id='word_1_69' title='bbox 406 1385 509 1468; x_wconf 89' lang='lat' dir='ltr'><strong>Nam,</strong></span> <span class='ocrx_word' id='word_1_70' title='bbox 536 1383 621 1451; x_wconf 89' lang='lat' dir='ltr'><strong>sicut</strong></span> <span class='ocrx_word' id='word_1_71' title='bbox 644 1382 817 1478; x_wconf 84' lang='lat' dir='ltr'><strong>AEschylus</strong></span> <span class='ocrx_word' id='word_1_72' title='bbox 844 1383 950 1470; x_wconf 89' lang='lat' dir='ltr'><strong>canit,</strong></span> <span class='ocrx_word' id='word_1_73' title='bbox 972 1382 1118 1476; x_wconf 90' lang='lat' dir='ltr'><strong>quinque</strong></span> <span class='ocrx_word' id='word_1_74' title='bbox 1143 1393 1271 1449; x_wconf 86' lang='lat' dir='ltr'><strong>tantum</strong></span> <span class='ocrx_word' id='word_1_75' title='bbox 1303 1395 1344 1448; x_wconf 92' lang='lat' dir='ltr'><strong>et</strong></span> 
     </span>
     <span class='ocr_line' id='line_1_11' title="bbox 270 1485 1344 1584; baseline -0.005 -25"><span class='ocrx_word' id='word_1_76' title='bbox 270 1488 386 1560; x_wconf 90' lang='lat' dir='ltr'><strong>decem</strong></span> <span class='ocrx_word' id='word_1_77' title='bbox 415 1489 449 1556; x_wconf 91' lang='lat' dir='ltr'><strong>in</strong></span> <span class='ocrx_word' id='word_1_78' title='bbox 473 1487 648 1584; x_wconf 83' lang='lat' dir='ltr'><strong>Tragoedia</strong></span> <span class='ocrx_word' id='word_1_79' title='bbox 683 1490 867 1560; x_wconf 85' lang='lat' dir='ltr'><strong>constabat.</strong></span> <span class='ocrx_word' id='word_1_80' title='bbox 901 1487 1140 1581; x_wconf 79' lang='lat' dir='ltr'><strong>Interdumque</strong></span> <span class='ocrx_word' id='word_1_81' title='bbox 1166 1485 1344 1556; x_wconf 82' lang='lat' dir='ltr'><strong>dimidiato</strong></span> 
     </span>
     <span class='ocr_line' id='line_1_12' title="bbox 271 1583 1343 1690; baseline 0 -28"><span class='ocrx_word' id='word_1_82' title='bbox 271 1618 412 1664; x_wconf 83' lang='lat' dir='ltr'><strong>numero</strong></span> <span class='ocrx_word' id='word_1_83' title='bbox 434 1583 554 1689; x_wconf 87' lang='lat' dir='ltr'><strong>(sicuti</strong></span> <span class='ocrx_word' id='word_1_84' title='bbox 571 1594 689 1666; x_wconf 85' lang='lat' dir='ltr'><strong>Pollux</strong></span> <span class='ocrx_word' id='word_1_85' title='bbox 710 1585 776 1690; x_wconf 83' lang='lat' dir='ltr'><strong>ait)</strong></span> <span class='ocrx_word' id='word_1_86' title='bbox 794 1595 1017 1666; x_wconf 87' lang='lat' dir='ltr'><strong>semichorum</strong></span> <span class='ocrx_word' id='word_1_87' title='bbox 1033 1593 1146 1662; x_wconf 91' lang='lat' dir='ltr'><strong>induci</strong></span> <span class='ocrx_word' id='word_1_88' title='bbox 1166 1591 1262 1662; x_wconf 85' lang='lat' dir='ltr'><strong>facile</strong></span> <span class='ocrx_word' id='word_1_89' title='bbox 1279 1592 1343 1662; x_wconf 91' lang='lat' dir='ltr'><strong>ad·</strong></span> 
     </span>
     <span class='ocr_line' id='line_1_13' title="bbox 271 1699 1346 1774; baseline -0.005 -2"><span class='ocrx_word' id='word_1_90' title='bbox 271 1700 409 1772; x_wconf 87' lang='lat' dir='ltr'><strong>modurn</strong></span> <span class='ocrx_word' id='word_1_91' title='bbox 435 1717 485 1772; x_wconf 88' lang='lat' dir='ltr'><strong>est</strong></span> <span class='ocrx_word' id='word_1_92' title='bbox 508 1701 630 1772; x_wconf 85' lang='lat' dir='ltr'><strong>videre.</strong></span> <span class='ocrx_word' id='word_1_93' title='bbox 657 1701 750 1772; x_wconf 89' lang='lat' dir='ltr'><strong>Idem</strong></span> <span class='ocrx_word' id='word_1_94' title='bbox 773 1717 919 1774; x_wconf 92' lang='lat' dir='ltr'><strong>attamen</strong></span> <span class='ocrx_word' id='word_1_95' title='bbox 939 1699 1055 1772; x_wconf 87' lang='lat' dir='ltr'><strong>scribit</strong></span> <span class='ocrx_word' id='word_1_96' title='bbox 1077 1701 1110 1768; x_wconf 93' lang='lat' dir='ltr'><strong>in</strong></span> <span class='ocrx_word' id='word_1_97' title='bbox 1131 1700 1246 1770; x_wconf 83' lang='lat' dir='ltr'><strong>Veteri</strong></span> <span class='ocrx_word' id='word_1_98' title='bbox 1261 1701 1346 1768; x_wconf 88' lang='lat' dir='ltr'><strong>Tra·</strong></span> 
     </span>
     <span class='ocr_line' id='line_1_14' title="bbox 270 1807 1341 1904; baseline -0.002 -27"><span class='ocrx_word' id='word_1_99' title='bbox 270 1808 379 1904; x_wconf 84' lang='lat' dir='ltr'><strong>goedia</strong></span> <span class='ocrx_word' id='word_1_100' title='bbox 400 1808 541 1879; x_wconf 90' lang='lat' dir='ltr'><strong>chorum</strong></span> <span class='ocrx_word' id='word_1_101' title='bbox 558 1807 730 1880; x_wconf 83' lang='lat' dir='ltr'><strong>saltatores</strong></span> <span class='ocrx_word' id='word_1_102' title='bbox 746 1809 900 1880; x_wconf 84' lang='lat' dir='ltr'><strong>habuisse</strong></span> <span class='ocrx_word' id='word_1_103' title='bbox 914 1808 1152 1903; x_wconf 82' lang='lat' dir='ltr'><strong>quinquaginta</strong></span> <span class='ocrx_word' id='word_1_104' title='bbox 1167 1831 1178 1875; x_wconf 93' lang='lat'><strong>.·</strong></span> <span class='ocrx_word' id='word_1_105' title='bbox 1196 1829 1341 1891; x_wconf 87' lang='lat' dir='ltr'><strong>verum,</strong></span> 
     </span>
     <span class='ocr_line' id='line_1_15' title="bbox 269 1913 1340 2010; baseline 0.001 -27"><span class='ocrx_word' id='word_1_106' title='bbox 269 1916 425 2009; x_wconf 89' lang='lat' dir='ltr'><strong>quoniam</strong></span> <span class='ocrx_word' id='word_1_107' title='bbox 452 1914 626 2010; x_wconf 87' lang='lat' dir='ltr'><strong>AEschylus</strong></span> <span class='ocrx_word' id='word_1_108' title='bbox 655 1915 792 1986; x_wconf 89' lang='lat' dir='ltr'><strong>totidem</strong></span> <span class='ocrx_word' id='word_1_109' title='bbox 816 1914 1019 1987; x_wconf 85' lang='lat' dir='ltr'><strong>Eumenidas</strong></span> <span class='ocrx_word' id='word_1_110' title='bbox 1044 1913 1241 2000; x_wconf 83' lang='lat' dir='ltr'><strong>induxisset,</strong></span> <span class='ocrx_word' id='word_1_111' title='bbox 1262 1937 1340 2008; x_wconf 81' lang='lat' dir='ltr'><strong>quae</strong></span> 
     </span>
     <span class='ocr_line' id='line_1_16' title="bbox 269 2018 1340 2117; baseline -0.002 -27"><span class='ocrx_word' id='word_1_112' title='bbox 269 2035 377 2090; x_wconf 91' lang='lat' dir='ltr'><strong>totum</strong></span> <span class='ocrx_word' id='word_1_113' title='bbox 405 2047 473 2117; x_wconf 81' lang='lat' dir='ltr'><strong>prae</strong></span> <span class='ocrx_word' id='word_1_114' title='bbox 502 2020 713 2092; x_wconf 90' lang='lat' dir='ltr'><strong>multitudine</strong></span> <span class='ocrx_word' id='word_1_115' title='bbox 742 2024 910 2092; x_wconf 86' lang='lat' dir='ltr'><strong>theatrum</strong></span> <span class='ocrx_word' id='word_1_116' title='bbox 942 2032 1227 2107; x_wconf 89' lang='lat' dir='ltr'><strong>consternassent,</strong></span> <span class='ocrx_word' id='word_1_117' title='bbox 1249 2018 1340 2090; x_wconf 89' lang='lat' dir='ltr'><strong>cobi-</strong></span> 
     </span>
     <span class='ocr_line' id='line_1_17' title="bbox 268 2125 1339 2224; baseline -0.003 -27"><span class='ocrx_word' id='word_1_118' title='bbox 268 2128 368 2197; x_wconf 88' lang='lat' dir='ltr'><strong>bente</strong></span> <span class='ocrx_word' id='word_1_119' title='bbox 383 2126 455 2224; x_wconf 84' lang='lat' dir='ltr'><strong>lege</strong></span> <span class='ocrx_word' id='word_1_120' title='bbox 470 2127 512 2198; x_wconf 92' lang='lat' dir='ltr'><strong>ad</strong></span> <span class='ocrx_word' id='word_1_121' title='bbox 526 2130 700 2224; x_wconf 88' lang='lat' dir='ltr'><strong>pauciores</strong></span> <span class='ocrx_word' id='word_1_122' title='bbox 720 2155 791 2200; x_wconf 90' lang='lat' dir='ltr'><strong>esse</strong></span> <span class='ocrx_word' id='word_1_123' title='bbox 807 2129 997 2199; x_wconf 89' lang='lat' dir='ltr'><strong>deventum.</strong></span> <span class='ocrx_word' id='word_1_124' title='bbox 1014 2125 1166 2199; x_wconf 81' lang='lat' dir='ltr'><strong>Arbitror</strong></span> <span class='ocrx_word' id='word_1_125' title='bbox 1183 2127 1282 2196; x_wconf 88' lang='lat' dir='ltr'><strong>etiam</strong></span> <span class='ocrx_word' id='word_1_126' title='bbox 1301 2127 1339 2194; x_wconf 92' lang='lat' dir='ltr'><strong>in</strong></span> 
     </span>
     <span class='ocr_line' id='line_1_18' title="bbox 268 2232 1340 2331; baseline -0.004 -27"><span class='ocrx_word' id='word_1_127' title='bbox 268 2234 443 2304; x_wconf 91' lang='lat' dir='ltr'><strong>Comoedia</strong></span> <span class='ocrx_word' id='word_1_128' title='bbox 463 2259 541 2304; x_wconf 91' lang='lat' dir='ltr'><strong>curn</strong></span> <span class='ocrx_word' id='word_1_129' title='bbox 559 2238 695 2305; x_wconf 91' lang='lat' dir='ltr'><strong>Donato</strong></span> <span class='ocrx_word' id='word_1_130' title='bbox 717 2233 817 2331; x_wconf 83' lang='lat' dir='ltr'><strong>longe</strong></span> <span class='ocrx_word' id='word_1_131' title='bbox 837 2234 948 2331; x_wconf 90' lang='lat' dir='ltr'><strong>plures</strong></span> <span class='ocrx_word' id='word_1_132' title='bbox 968 2233 1010 2303; x_wconf 90' lang='lat' dir='ltr'><strong>ab</strong></span> <span class='ocrx_word' id='word_1_133' title='bbox 1032 2234 1126 2303; x_wconf 89' lang='lat' dir='ltr'><strong>initio</strong></span> <span class='ocrx_word' id='word_1_134' title='bbox 1148 2232 1247 2302; x_wconf 87' lang='lat' dir='ltr'><strong>fuisse</strong></span> <span class='ocrx_word' id='word_1_135' title='bbox 1263 2255 1340 2302; x_wconf 88' lang='lat' dir='ltr'><strong>can·</strong></span> 
     </span>
     <span class='ocr_line' id='line_1_19' title="bbox 268 2331 1339 2435; baseline -0.004 -24"><span class='ocrx_word' id='word_1_136' title='bbox 268 2355 376 2427; x_wconf 88' lang='lat' dir='ltr'><strong>tores,</strong></span> <span class='ocrx_word' id='word_1_137' title='bbox 393 2343 551 2435; x_wconf 90' lang='lat' dir='ltr'><strong>quoniam</strong></span> <span class='ocrx_word' id='word_1_138' title='bbox 569 2331 622 2432; x_wconf 92' lang='lat' dir='ltr'><strong>(ut</strong></span> <span class='ocrx_word' id='word_1_139' title='bbox 640 2339 831 2412; x_wconf 82' lang='lat' dir='ltr'><strong>Aristoteles</strong></span> <span class='ocrx_word' id='word_1_140' title='bbox 852 2343 887 2411; x_wconf 92' lang='lat' dir='ltr'><strong>in</strong></span> <span class='ocrx_word' id='word_1_141' title='bbox 903 2339 1055 2410; x_wconf 87' lang='lat' dir='ltr'><strong>Naturali</strong></span> <span class='ocrx_word' id='word_1_142' title='bbox 1075 2338 1216 2433; x_wconf 87' lang='lat' dir='ltr'><strong>quadam</strong></span> <span class='ocrx_word' id='word_1_143' title='bbox 1240 2339 1339 2408; x_wconf 87' lang='lat' dir='ltr'><strong>sentit</strong></span> 
     </span>
     <span class='ocr_line' id='line_1_20' title="bbox 268 2438 1337 2541; baseline -0.001 -26"><span class='ocrx_word' id='word_1_144' title='bbox 268 2438 476 2540; x_wconf 79' lang='lat' dir='ltr'><strong>Quaestione)</strong></span> <span class='ocrx_word' id='word_1_145' title='bbox 493 2445 588 2516; x_wconf 89' lang='lat' dir='ltr'><strong>multi</strong></span> <span class='ocrx_word' id='word_1_146' title='bbox 602 2445 729 2517; x_wconf 86' lang='lat' dir='ltr'><strong>facilius</strong></span> <span class='ocrx_word' id='word_1_147' title='bbox 743 2471 875 2518; x_wconf 87' lang='lat' dir='ltr'><strong>servare</strong></span> <span class='ocrx_word' id='word_1_148' title='bbox 888 2471 1045 2516; x_wconf 89' lang='lat' dir='ltr'><strong>numeros</strong></span> <span class='ocrx_word' id='word_1_149' title='bbox 1062 2459 1210 2541; x_wconf 87' lang='lat' dir='ltr'><strong>possunt.</strong></span> <span class='ocrx_word' id='word_1_150' title='bbox 1222 2445 1337 2535; x_wconf 87' lang='lat' dir='ltr'><strong>Quum</strong></span> 
     </span>
     <span class='ocr_line' id='line_1_21' title="bbox 268 2552 1341 2650; baseline 0 -28"><span class='ocrx_word' id='word_1_151' title='bbox 268 2554 370 2648; x_wconf 83' lang='lat' dir='ltr'><strong>igitur</strong></span> <span class='ocrx_word' id='word_1_152' title='bbox 383 2568 461 2649; x_wconf 89' lang='lat' dir='ltr'><strong>post</strong></span> <span class='ocrx_word' id='word_1_153' title='bbox 473 2552 594 2624; x_wconf 82' lang='lat' dir='ltr'><strong>fabulae</strong></span> <span class='ocrx_word' id='word_1_154' title='bbox 606 2553 784 2650; x_wconf 80' lang='lat' dir='ltr'><strong>prologum</strong></span> <span class='ocrx_word' id='word_1_155' title='bbox 799 2568 885 2624; x_wconf 90' lang='lat' dir='ltr'><strong>esset</strong></span> <span class='ocrx_word' id='word_1_156' title='bbox 900 2553 1104 2624; x_wconf 86' lang='lat' dir='ltr'><strong>orchestram</strong></span> <span class='ocrx_word' id='word_1_157' title='bbox 1119 2553 1341 2649; x_wconf 82' lang='lat' dir='ltr'><strong>ingressurus,</strong></span> 
     </span>
     <span class='ocr_line' id='line_1_22' title="bbox 270 2657 1338 2747; baseline -0.004 -17"><span class='ocrx_word' id='word_1_158' title='bbox 270 2661 298 2730; x_wconf 91' lang='lat' dir='ltr'><strong>si</strong></span> <span class='ocrx_word' id='word_1_159' title='bbox 324 2661 455 2730; x_wconf 89' lang='lat' dir='ltr'><strong>rusticis</strong></span> <span class='ocrx_word' id='word_1_160' title='bbox 474 2674 660 2747; x_wconf 90' lang='lat' dir='ltr'><strong>constaret,</strong></span> <span class='ocrx_word' id='word_1_161' title='bbox 680 2685 701 2730; x_wconf 89' lang='lat' dir='ltr'><strong>a</strong></span> <span class='ocrx_word' id='word_1_162' title='bbox 725 2661 842 2730; x_wconf 82' lang='lat' dir='ltr'><strong>dextro</strong></span> <span class='ocrx_word' id='word_1_163' title='bbox 861 2659 963 2732; x_wconf 86' lang='lat' dir='ltr'><strong>latere</strong></span> <span class='ocrx_word' id='word_1_164' title='bbox 986 2657 1114 2730; x_wconf 89' lang='lat' dir='ltr'><strong>solebat</strong></span> <span class='ocrx_word' id='word_1_165' title='bbox 1131 2659 1264 2728; x_wconf 90' lang='lat' dir='ltr'><strong>emitti:</strong></span> <span class='ocrx_word' id='word_1_166' title='bbox 1287 2659 1338 2728; x_wconf 86' lang='lat' dir='ltr'><strong>sin</strong></span> 
     </span>
     <span class='ocr_line' id='line_1_23' title="bbox 270 2764 1337 2863; baseline -0.002 -29"><span class='ocrx_word' id='word_1_167' title='bbox 270 2780 381 2836; x_wconf 90' lang='lat' dir='ltr'><strong>autem</strong></span> <span class='ocrx_word' id='word_1_168' title='bbox 406 2767 561 2857; x_wconf 87' lang='lat' dir='ltr'><strong>urbanis,</strong></span> <span class='ocrx_word' id='word_1_169' title='bbox 586 2791 607 2836; x_wconf 89' lang='lat' dir='ltr'><strong>a</strong></span> <span class='ocrx_word' id='word_1_170' title='bbox 633 2768 766 2838; x_wconf 90' lang='lat' dir='ltr'><strong>sinistra</strong></span> <span class='ocrx_word' id='word_1_171' title='bbox 789 2781 884 2863; x_wconf 91' lang='lat' dir='ltr'><strong>parte</strong></span> <span class='ocrx_word' id='word_1_172' title='bbox 912 2765 1086 2862; x_wconf 87' lang='lat' dir='ltr'><strong>prodibat,</strong></span> <span class='ocrx_word' id='word_1_173' title='bbox 1111 2764 1337 2859; x_wconf 87' lang='lat' dir='ltr'><strong>quadrataque</strong></span> 
     </span>
     <span class='ocr_line' id='line_1_24' title="bbox 268 2870 1339 2944; baseline -0.002 -2"><span class='ocrx_word' id='word_1_174' title='bbox 268 2871 378 2943; x_wconf 86' lang='lat' dir='ltr'><strong>forma</strong></span> <span class='ocrx_word' id='word_1_175' title='bbox 390 2874 572 2944; x_wconf 90' lang='lat' dir='ltr'><strong>consistens</strong></span> <span class='ocrx_word' id='word_1_176' title='bbox 588 2872 779 2944; x_wconf 89' lang='lat' dir='ltr'><strong>recedentes</strong></span> <span class='ocrx_word' id='word_1_177' title='bbox 793 2875 970 2944; x_wconf 86' lang='lat' dir='ltr'><strong>histriones</strong></span> <span class='ocrx_word' id='word_1_178' title='bbox 983 2872 1193 2942; x_wconf 77' lang='lat' dir='ltr'><strong>observabat.</strong></span> <span class='ocrx_word' id='word_1_179' title='bbox 1208 2870 1339 2942; x_wconf 88' lang='lat' dir='ltr'><strong>Deinde</strong></span> 
     </span>
     <span class='ocr_line' id='line_1_25' title="bbox 269 2977 1336 3077; baseline -0.001 -28"><span class='ocrx_word' id='word_1_180' title='bbox 269 3003 450 3050; x_wconf 80' lang='lat' dir='ltr'><strong>conversus</strong></span> <span class='ocrx_word' id='word_1_181' title='bbox 474 2980 516 3049; x_wconf 90' lang='lat' dir='ltr'><strong>ad</strong></span> <span class='ocrx_word' id='word_1_182' title='bbox 540 2996 762 3077; x_wconf 89' lang='lat' dir='ltr'><strong>spectatores,</strong></span> <span class='ocrx_word' id='word_1_183' title='bbox 781 3003 1086 3076; x_wconf 86' lang='lat' dir='ltr'><strong>quorsumcurnque</strong></span> <span class='ocrx_word' id='word_1_184' title='bbox 1110 2979 1230 3074; x_wconf 86' lang='lat' dir='ltr'><strong>septies</strong></span> <span class='ocrx_word' id='word_1_185' title='bbox 1250 2977 1336 3048; x_wconf 87' lang='lat' dir='ltr'><strong>thea-</strong></span> 
     </span>
     <span class='ocr_line' id='line_1_26' title="bbox 269 3083 1336 3183; baseline -0.001 -28"><span class='ocrx_word' id='word_1_186' title='bbox 269 3101 359 3156; x_wconf 87' lang='lat' dir='ltr'><strong>trum</strong></span> <span class='ocrx_word' id='word_1_187' title='bbox 384 3087 594 3177; x_wconf 88' lang='lat' dir='ltr'><strong>intuebatur,</strong></span> <span class='ocrx_word' id='word_1_188' title='bbox 614 3087 820 3183; x_wconf 85' lang='lat' dir='ltr'><strong>totidemque</strong></span> <span class='ocrx_word' id='word_1_189' title='bbox 844 3085 1024 3156; x_wconf 88' lang='lat' dir='ltr'><strong>cantilenas</strong></span> <span class='ocrx_word' id='word_1_190' title='bbox 1048 3083 1221 3156; x_wconf 89' lang='lat' dir='ltr'><strong>moderato</strong></span> <span class='ocrx_word' id='word_1_191' title='bbox 1243 3097 1336 3178; x_wconf 82' lang='lat' dir='ltr'><strong>gestu</strong></span> 
     </span>
     <span class='ocr_line' id='line_1_27' title="bbox 269 3188 1340 3290; baseline 0.001 -29"><span class='ocrx_word' id='word_1_192' title='bbox 269 3188 1340 3290; x_wconf 69' lang='lat' dir='ltr'><strong>pronuntiabat:quodomneecpddacraabhristophanepluribus</strong></span> 
     </span>
     <span class='ocr_line' id='line_1_28' title="bbox 269 3297 1337 3397; baseline -0.002 -29"><span class='ocrx_word' id='word_1_193' title='bbox 269 3301 304 3368; x_wconf 91' lang='lat' dir='ltr'><strong>in</strong></span> <span class='ocrx_word' id='word_1_194' title='bbox 323 3297 403 3370; x_wconf 91' lang='lat' dir='ltr'><strong>locis</strong></span> <span class='ocrx_word' id='word_1_195' title='bbox 423 3318 646 3397; x_wconf 88' lang='lat' dir='ltr'><strong>nuncupatur.</strong></span> <span class='ocrx_word' id='word_1_196' title='bbox 667 3303 778 3372; x_wconf 90' lang='lat' dir='ltr'><strong>Prima</strong></span> <span class='ocrx_word' id='word_1_197' title='bbox 798 3301 899 3395; x_wconf 84' lang='lat' dir='ltr'><strong>igitur</strong></span> <span class='ocrx_word' id='word_1_198' title='bbox 920 3298 1085 3372; x_wconf 88' lang='lat' dir='ltr'><strong>cantilena</strong></span> <span class='ocrx_word' id='word_1_199' title='bbox 1102 3299 1213 3368; x_wconf 87' lang='lat' dir='ltr'><strong>statim</strong></span> <span class='ocrx_word' id='word_1_200' title='bbox 1233 3298 1275 3366; x_wconf 88' lang='lat' dir='ltr'><strong>ab</strong></span> <span class='ocrx_word' id='word_1_201' title='bbox 1292 3297 1337 3370; x_wconf 90' lang='lat' dir='ltr'><strong>hi-</strong></span> 
     </span>
     <span class='ocr_line' id='line_1_29' title="bbox 240 3403 1338 3504; baseline -0.004 -28"><span class='ocrx_word' id='word_1_202' title='bbox 240 3451 247 3462; x_wconf 89' lang='lat'><strong>·</strong></span> <span class='ocrx_word' id='word_1_203' title='bbox 269 3407 431 3476; x_wconf 90' lang='lat' dir='ltr'><strong>strionum</strong></span> <span class='ocrx_word' id='word_1_204' title='bbox 454 3407 600 3480; x_wconf 88' lang='lat' dir='ltr'><strong>discessu</strong></span> <span class='ocrx_word' id='word_1_205' title='bbox 625 3406 754 3504; x_wconf 88' lang='lat' dir='ltr'><strong>prolata</strong></span> <span class='ocrx_word' id='word_1_206' title='bbox 774 3405 898 3500; x_wconf 78' lang='grc' dir='ltr'>κορωνὶς</span> <span class='ocrx_word' id='word_1_207' title='bbox 919 3406 1089 3476; x_wconf 91' lang='lat' dir='ltr'><strong>communi</strong></span> <span class='ocrx_word' id='word_1_208' title='bbox 1109 3406 1244 3474; x_wconf 89' lang='lat' dir='ltr'><strong>nomine</strong></span> <span class='ocrx_word' id='word_1_209' title='bbox 1263 3403 1338 3474; x_wconf 90' lang='lat' dir='ltr'><strong>dici·</strong></span> 
     </span>
     <span class='ocr_line' id='line_1_30' title="bbox 271 3512 1337 3610; baseline -0.002 -28"><span class='ocrx_word' id='word_1_210' title='bbox 271 3526 335 3582; x_wconf 91' lang='lat' dir='ltr'><strong>tur.</strong></span> <span class='ocrx_word' id='word_1_211' title='bbox 353 3515 461 3599; x_wconf 89' lang='lat' dir='ltr'><strong>Nam,</strong></span> <span class='ocrx_word' id='word_1_212' title='bbox 477 3514 637 3610; x_wconf 86' lang='lat' dir='ltr'><strong>quidquid</strong></span> <span class='ocrx_word' id='word_1_213' title='bbox 653 3537 795 3609; x_wconf 91' lang='lat' dir='ltr'><strong>persona</strong></span> <span class='ocrx_word' id='word_1_214' title='bbox 810 3515 965 3608; x_wconf 89' lang='lat' dir='ltr'><strong>quapiam</strong></span> <span class='ocrx_word' id='word_1_215' title='bbox 983 3512 1158 3584; x_wconf 88' lang='lat' dir='ltr'><strong>redecente</strong></span> <span class='ocrx_word' id='word_1_216' title='bbox 1176 3525 1337 3598; x_wconf 75' lang='lat' dir='ltr'><strong>canatur,</strong></span> 
     </span>
     <span class='ocr_line' id='line_1_31' title="bbox 270 3613 1335 3714; baseline -0.002 -26"><span class='ocrx_word' id='word_1_217' title='bbox 270 3622 478 3714; x_wconf 80' lang='lat' dir='ltr'><strong>grammatici</strong></span> <span class='ocrx_word' id='word_1_218' title='bbox 506 3622 661 3691; x_wconf 89' lang='lat' dir='ltr'><strong>Comicos</strong></span> <span class='ocrx_word' id='word_1_219' title='bbox 688 3634 891 3714; x_wconf 84' lang='lat' dir='ltr'><strong>exponentes</strong></span> <span class='ocrx_word' id='word_1_220' title='bbox 915 3613 1068 3714; x_wconf 72' lang='grc' dir='ltr'><strong>κορωνίδα</strong></span> <span class='ocrx_word' id='word_1_221' title='bbox 1092 3617 1201 3692; x_wconf 86' lang='lat' dir='ltr'><strong>solent</strong></span> <span class='ocrx_word' id='word_1_222' title='bbox 1227 3615 1335 3713; x_wconf 88' lang='lat' dir='ltr'><strong>appel·</strong></span> 
     </span>
     <span class='ocr_line' id='line_1_32' title="bbox 269 3724 1335 3821; baseline 0.002 -27"><span class='ocrx_word' id='word_1_223' title='bbox 269 3724 349 3795; x_wconf 90' lang='lat' dir='ltr'><strong>lare.</strong></span> <span class='ocrx_word' id='word_1_224' title='bbox 371 3727 557 3820; x_wconf 78' lang='grc' dir='ltr'>Κομμάτιον</span> <span class='ocrx_word' id='word_1_225' title='bbox 575 3750 656 3802; x_wconf 87' lang='lat' dir='ltr'><strong>vero</strong></span> <span class='ocrx_word' id='word_1_226' title='bbox 682 3727 816 3821; x_wconf 90' lang='lat' dir='ltr'><strong>proprie</strong></span> <span class='ocrx_word' id='word_1_227' title='bbox 840 3725 978 3814; x_wconf 87' lang='lat' dir='ltr'><strong>dicitur,</strong></span> <span class='ocrx_word' id='word_1_228' title='bbox 993 3740 1156 3821; x_wconf 88' lang='lat' dir='ltr'><strong>quatenus</strong></span> <span class='ocrx_word' id='word_1_229' title='bbox 1176 3724 1218 3794; x_wconf 90' lang='lat' dir='ltr'><strong>de</strong></span> <span class='ocrx_word' id='word_1_230' title='bbox 1236 3724 1335 3796; x_wconf 82' lang='lat' dir='ltr'><strong>choro</strong></span> 
     </span>
     <span class='ocr_line' id='line_1_33' title="bbox 271 3831 1333 3929; baseline -0.001 -28"><span class='ocrx_word' id='word_1_231' title='bbox 271 3847 442 3929; x_wconf 87' lang='lat' dir='ltr'><strong>amputata</strong></span> <span class='ocrx_word' id='word_1_232' title='bbox 473 3834 643 3927; x_wconf 83' lang='lat' dir='ltr'><strong>recisaque</strong></span> <span class='ocrx_word' id='word_1_233' title='bbox 673 3831 836 3928; x_wconf 82' lang='lat' dir='ltr'><strong>partictda</strong></span> <span class='ocrx_word' id='word_1_234' title='bbox 860 3834 1020 3904; x_wconf 80' lang='lat' dir='ltr'><strong>videtur:</strong></span> <span class='ocrx_word' id='word_1_235' title='bbox 1047 3831 1080 3901; x_wconf 90' lang='lat' dir='ltr'><strong>id</strong></span> <span class='ocrx_word' id='word_1_236' title='bbox 1101 3856 1121 3902; x_wconf 87' lang='lat' dir='ltr'><strong>a</strong></span> <span class='ocrx_word' id='word_1_237' title='bbox 1143 3831 1333 3926; x_wconf 89' lang='lat' dir='ltr'><strong>quibusdam</strong></span> 
     </span>
     <span class='ocr_line' id='line_1_34' title="bbox 270 3933 1337 4034; baseline 0 -28"><span class='ocrx_word' id='word_1_238' title='bbox 270 3937 394 4018; x_wconf 80' lang='grc' dir='ltr'>οἴσθεσις</span> <span class='ocrx_word' id='word_1_239' title='bbox 417 3949 510 4032; x_wconf 81' lang='grc' dir='ltr'>χοροῦ</span> <span class='ocrx_word' id='word_1_240' title='bbox 533 3940 734 4012; x_wconf 87' lang='lat' dir='ltr'><strong>nominatur.</strong></span> <span class='ocrx_word' id='word_1_241' title='bbox 760 3941 933 4028; x_wconf 86' lang='lat' dir='ltr'><strong>Secunda,</strong></span> <span class='ocrx_word' id='word_1_242' title='bbox 951 3933 1143 4034; x_wconf 71' lang='grc' dir='ltr'>παροίὸασις,</span> <span class='ocrx_word' id='word_1_243' title='bbox 1161 3965 1227 4008; x_wconf 92' lang='lat' dir='ltr'><strong>non</strong></span> <span class='ocrx_word' id='word_1_244' title='bbox 1246 3961 1337 4006; x_wconf 84' lang='lat' dir='ltr'><strong>secus</strong></span> 
     </span>
     <span class='ocr_line' id='line_1_35' title="bbox 268 4043 1331 4143; baseline -0.004 -27"><span class='ocrx_word' id='word_1_245' title='bbox 268 4071 307 4116; x_wconf 91' lang='lat' dir='ltr'><strong>ac</strong></span> <span class='ocrx_word' id='word_1_246' title='bbox 332 4061 400 4141; x_wconf 81' lang='lat' dir='ltr'><strong>tota</strong></span> <span class='ocrx_word' id='word_1_247' title='bbox 426 4043 557 4115; x_wconf 87' lang='lat' dir='ltr'><strong>saltatio</strong></span> <span class='ocrx_word' id='word_1_248' title='bbox 580 4045 699 4118; x_wconf 92' lang='lat' dir='ltr'><strong>dicitur</strong></span> <span class='ocrx_word' id='word_1_249' title='bbox 719 4075 726 4115; x_wconf 95' lang='lat'>:</span> <span class='ocrx_word' id='word_1_250' title='bbox 749 4050 905 4143; x_wconf 90' lang='lat' dir='ltr'><strong>quoniam</strong></span> <span class='ocrx_word' id='word_1_251' title='bbox 927 4046 1040 4129; x_wconf 86' lang='lat' dir='ltr'><strong>illinc,</strong></span> <span class='ocrx_word' id='word_1_252' title='bbox 1061 4045 1118 4118; x_wconf 91' lang='lat' dir='ltr'><strong>ubi</strong></span> <span class='ocrx_word' id='word_1_253' title='bbox 1142 4047 1331 4118; x_wconf 82' lang='lat' dir='ltr'><strong>constiterat</strong></span> 
     </span>
    </p>
   </div>
   <div class='ocr_carea' id='block_1_3' title="bbox 0 0 1451 4866">
    <p class='ocr_par' dir='ltr' id='par_1_3' title="bbox 0 0 1451 4866">
     <span class='ocr_line' id='line_1_36' title="bbox 0 0 1451 4866; baseline 0 0"><span class='ocrx_word' id='word_1_254' title='bbox 0 0 1451 4866; x_wconf 95' lang='lat' dir='ltr'><strong> </strong></span> 
     </span>
    </p>
   </div>
  </div>
 </body>
</html>
