2890 4866
471 437 560 504 DE
585 435 843 503 THEATRO.
1103 457 1200 506 cxxv

125 570 160 638 id
179 569 212 636 in
231 565 364 636 theatro
384 565 568 661 composita
588 579 687 663 atque
705 579 871 636 exstructa
886 587 927 648 ea¹
940 565 1084 654 ratione,
1098 591 1197 659 quarn

125 701 207 744 mox
221 673 456 742 describemus.
472 673 542 763 Qui
559 697 594 744 se
610 675 644 742 in
661 673 712 742 his
727 672 831 742 Ludis
848 671 1063 760 exercebant,
1078 675 1198 742 scenici

126 783 228 852 etiarn
255 779 469 865 dicebantur,
497 794 530 849 et
553 781 743 875 Dionysiaci
770 778 922 848 artifices.
945 778 1118 848 Ludorum
1140 793 1199 849 aut

127 888 360 958 Certaminurn
396 887 470 956 Diis
505 902 775 956 consecratorum
808 898 953 980 quatuor
983 900 1078 955 erant
1108 885 1198 981 apud

127 998 267 1066 Graecos
286 1017 419 1089 genera.
439 996 546 1062 Erant
566 995 654 1062 enirn
674 991 819 1081 Nemea,
839 991 997 1078 Isthmia,
1012 991 1149 1086 Pythia,
1164 1007 1198 1062 et

126 1099 288 1196 Olympia
308 1129 316 1169 :
341 1124 415 1194 quae
432 1101 582 1169 omniurn
601 1114 697 1169 erant
717 1100 859 1168 maxima
876 1097 1073 1193 spectacula.
1088 1100 1129 1166 ln
1147 1098 1199 1168 his

125 1207 235 1278 Ludis
249 1205 522 1302 proponebantur
539 1206 721 1277 victoribus
742 1229 863 1301 magna
880 1205 1032 1299 praemia,
1050 1227 1124 1300 quae
1142 1207 1198 1299 qui

126 1313 376 1402 custodiebant,
389 1312 557 1408 Ludisque
574 1327 757 1409 praeerant,
773 1307 945 1408 βραὸιυταὶ
962 1312 1106 1394 Graecis,
1128 1315 1196 1382 La·

125 1421 206 1490 tinis
225 1419 452 1516 designatores
474 1418 745 1516 appellabantur,
766 1443 908 1515 quorum
935 1417 1085 1488 officium
1110 1432 1200 1506 erat,

127 1525 378 1596 multitudinem
403 1527 566 1614 retinere,
589 1525 825 1613 obambulare,
846 1540 880 1595 et
899 1538 1101 1620 spectatores
1123 1550 1199 1594 mo·

124 1633 237 1703 derari
257 1635 424 1728 virgarum
443 1631 610 1704 terriculo.
631 1632 731 1704 Unde
749 1632 982 1726 mastigonomi
999 1646 1033 1700 et
1051 1631 1196 1700 rhabdu·

126 1739 185 1810 chi
203 1741 302 1812 etiarn
321 1740 418 1828 dicti,
439 1741 530 1834 quod
550 1741 661 1835 virgas
681 1754 867 1835 gestarent,
884 1751 922 1807 ut
939 1740 973 1807 in
992 1737 1104 1808 officio
1118 1762 1198 1808 con-

124 1847 273 1916 tinerent
287 1860 500 1940 spectatores.
513 1847 654 1916 Musicis
668 1869 801 1942 quoque
814 1845 976 1941 agonibus
990 1860 1086 1914 erant
1097 1847 1199 1934 critae,

124 1953 162 2022 id
180 1967 249 2040 est,
259 1953 404 2047 judices,
418 1976 438 2020 a
454 1952 575 2047 quibus
593 1954 717 2040 critici,
733 1953 767 2024 id
782 1966 849 2039 est,
864 1964 1054 2046 poematum
1069 1951 1199 2044 judices

124 2059 208 2129 dicti
225 2074 311 2130 suut
328 2059 521 2145 Ludorum,
542 2061 599 2153 qui
621 2061 697 2130 Diis
713 2057 1010 2142 consecrabantur,
1033 2058 1123 2152 apud
1135 2061 1200 2128 Ro·

124 2191 244 2236 manos
264 2180 409 2261 quatuor
430 2180 526 2238 erant
547 2167 683 2260 species.
705 2168 773 2236 Eos
796 2162 910 2236 Ludos
932 2161 1043 2233 aediles
1065 2164 1197 2234 curules

125 2297 267 2342 munere
298 2272 433 2368 publico
461 2273 640 2367 quotannis
672 2271 846 2344 curabant.
874 2267 1102 2364 Megalenses,
1131 2272 1199 2340 sive

126 2379 246 2474 Magni
267 2377 356 2449 Ludi
381 2377 477 2467 dicti,
502 2377 592 2474 quod
619 2381 748 2474 magnis
769 2380 842 2449 Diis
865 2377 1049 2448 consecrati
1072 2392 1198 2447 essent:

124 2485 250 2581 quibus
271 2485 375 2556 Ludis
396 2500 541 2580 quatuor
557 2501 639 2560 actae
661 2501 739 2556 sunt
751 2486 897 2556 Terentii
911 2481 1093 2554 Comoediae
1108 2511 1115 2553 :
1131 2486 1200 2554 An·

125 2593 218 2681 dria,
231 2591 430 2680 Eunuchus,
440 2594 854 2678 Heautontimorumenos,
867 2593 1004 2686 Hecyra.
1016 2589 1200 2678 FunebreS,

125 2714 188 2769 aut
218 2697 396 2769 Funerales
424 2699 528 2785 Ludi,
549 2697 592 2768 ad
623 2697 833 2768 retinendum
867 2695 1028 2792 populum
1057 2698 1200 2768 instituti

127 2821 230 2892 sunt,
251 2805 330 2876 dum
355 2830 478 2902 pompa
498 2805 644 2891 funeris,
668 2805 803 2876 decreta
824 2805 858 2874 in
884 2805 1048 2874 bonorem
1070 2805 1199 2899 patricii

127 2913 214 3001 viri,
231 2911 327 3008 plene
351 2937 391 2982 ac
414 2911 548 3007 publice
572 2913 809 2982 instruebatur.
835 2911 896 2980 His
918 2909 1022 2980 Ludis
1048 2925 1122 2980 acta
1148 2925 1199 2980 est

129 3019 305 3089 Comoedia
327 3021 474 3089 Terentii
495 3017 647 3113 Adelphi.
669 3017 813 3105 Plebeii,
837 3019 907 3086 sive
929 3018 1071 3086 Romani
1096 3017 1202 3104 Ludi,

127 3151 193 3222 pro
212 3123 317 3196 salute
339 3117 444 3221 plebis
462 3123 667 3194 edebantur:
685 3125 805 3219 quibus
822 3123 925 3194 Ludis
945 3140 1020 3194 acta
1039 3138 1090 3194 est
1102 3125 1203 3192 Phor-

128 3235 210 3302 mio.
225 3231 433 3328 Apollinares
452 3231 557 3318 Ludi,
577 3229 721 3327 Apollini
743 3221 944 3318 consecrati,
968 3246 1027 3301 aut
1047 3229 1203 3299 inbono

127 3363 202 3410 rem
221 3337 384 3434 Apollinis
405 3339 555 3408 instituti.

152 3570 217 3642 DE
234 3569 459 3647 THEATRIS.
476 3571 537 3642 ΕΤ
553 3569 925 3642 AMPHITHEATRIS
951 3567 1177 3658 ANTIQUIS.

179 3759 262 3847 Quo
286 3755 405 3827 melius
432 3771 466 3826 et
492 3755 701 3826 commodius
734 3767 966 3850 spectarentur
1002 3753 1205 3850 Comoedia,

127 3867 335 3965 Tragoediae,
352 3883 412 3938 aut
429 3867 535 3955 Ludi,
552 3869 620 3938 sive
640 3867 663 3935 ii
687 3865 907 3954 Gladiatorii,
926 3865 995 3936 sive
1016 3867 1118 3934 etiarn
1132 3867 1204 3934 Sce-

127 3981 215 4067 nici,
235 3978 285 4048 vel
307 3977 444 4049 alterius
470 3979 601 4076 generis
622 3994 754 4065 essent,
774 3977 926 4048 instituta
948 3993 1026 4048 sunt
1049 3977 1092 4046 ab
1117 3979 1203 4046 anti·

128 4091 226 4190 quis,
253 4115 331 4186 quas
353 4091 482 4161 theatra
503 4092 727 4180 vocabantur,
752 4115 773 4159 a
794 4089 968 4160 commode
996 4087 1140 4174 ¹ridendo
1166 4113 1210 4158 ac
