3014 4860
299 361 374 450 432
521 363 703 430 PUBLII
730 363 990 432 TERENTII
1018 363 1141 431 AFRI

570 606 741 696 SCEN
748 607 788 694 A
820 607 1094 697 OCTAVA.

381 819 390 849 ‘
509 821 861 894 Mnnnnnuus.
897 825 1163 894 CHREMES.

354 1036 450 1106 ΜΕΝ.
472 1030 583 1101 Multo
603 1031 753 1102 omnium
771 1056 825 1101 me
847 1057 937 1102 nunc
957 1032 1256 1104 fortunatissimum

296 1146 435 1212 Factum
450 1153 532 1236 puto
553 1163 643 1227 esse,
659 1152 781 1234 gnate,
797 1163 901 1234 quum
920 1154 954 1209 te
971 1138 1120 1235 intelligo

298 1249 475 1344 Resipisse.
501 1247 594 1316 Cnn.
619 1246 668 1314 Ut
693 1239 803 1314 errat!
828 1246 925 1316 ΜΕΝ.
953 1248 1001 1316 Te
1026 1248 1135 1342 ipsum
1162 1247 1370 1342 quaerebnrn,

459 1353 613 1422 Chreme.

299 1465 420 1548 Serva,
434 1459 526 1555 quod
542 1460 576 1527 in
597 1474 630 1529 te
647 1471 711 1544 est,
733 1457 859 1546 filium,
874 1474 908 1529 et
929 1483 1001 1547 tne,
1021 1475 1056 1530 et
1074 1459 1242 1532 familiam.
1333 1487 1370 1535 ns

299 1571 391 1639 Cnn.
407 1565 517 1654 Cedo,
532 1565 614 1661 quid
631 1567 683 1634 vis
700 1562 840 1634 faciam?
855 1566 951 1636 ΜΕΝ.
965 1569 1125 1638 Invenisti
1142 1567 1242 1636 hodie
1257 1564 1370 1636 filiam.

299 1678 389 1744 Cnn.
402 1673 494 1762 Quid
512 1669 608 1742 tum?
621 1673 717 1742 ΜΕΝ.
735 1674 830 1741 Hanc
845 1672 907 1742 sibi
921 1697 1059 1744 uxorem
1078 1674 1150 1743 dari
1167 1672 1241 1743 vult
1253 1672 1369 1743 Clinia.

300 1781 392 1852 Cen.
420 1781 561 1869 Quaeso,
580 1779 667 1874 «quid
694 1779 839 1848 hominis
864 1777 925 1849 es?
950 1782 1046 1852 ΜΕΝ.
1075 1781 1166 1871 Quid
1190 1779 1261 1850 est?
1281 1781 1369 1852 Cur.

457 1889 575 1956 Jamne
595 1885 718 1955 oblitus
738 1909 788 1972 es,

343 2112 814 2180 842.ll!enwte.SiccollocentBent.
858 2113 900 2168 Sc.
920 2112 995 2186 quod
1016 2127 1106 2187 putet,
1121 2133 1183 2168 eum
1202 2133 1218 2168 e
1239 2112 1372 2170 Bacchide

302 2197 380 2260 libri,
393 2206 474 2248 reete.
496 2193 617 2265 Namque
635 2213 714 2258 mene,
735 2211 768 2246 ex
781 2193 815 2246 il·
857 2211 977 2248 umorem
986 2193 1371 2267 conthlisseadaliam3quum

300 2277 354 2330 lius
373 2286 527 2347 precepto,
538 2274 568 2328 in
586 2273 638 2326 ersi
654 2291 708 2326 esse
725 2271 814 2327 dehet.
857 2274 965 2345 nuptias
976 2275 1101 2329 obtentui
1113 2288 1216 2337 sumat,
1230 2273 1266 2328 ad
1281 2293 1373 2329 emun-

302 2356 363 2410 Lih.
376 2353 815 2426 untiquinuncme.Perl.—Multo
857 2353 975 2426 gendum
1001 2368 1114 2427 argento
1140 2367 1290 2426 parentem.
1313 2355 1373 2410 Hoc

301 2439 405 2490 omnm
415 2453 531 2496 menone,
540 2431 816 2500 etellieestjueuude
857 2445 948 2488 eutem
960 2433 1026 2489 dicit
1038 2436 1100 2498 ille,
1115 2436 1164 2508 qui
1177 2453 1226 2506 per
1238 2447 1322 2489 totern
1334 2437 1373 2490 iu·

302 2515 433 2588 expositio
458 2514 556 2568 erroris
577 2514 647 2568 senis
668 2511 703 2568 de
726 2513 815 2568 verbis
857 2515 949 2567 bulum
969 2515 1097 2569 solemnis
1117 2527 1196 2569 erret.
1214 2515 1373 2570 Bulen-
1466 2581 1471 2594 Ι

299 2597 382 2667 Syri,
397 2595 445 2667 qui
459 2591 648 2648 Menedemum
668 2590 814 2648 oreditde·
857 2592 901 2648 sie
916 2607 1006 2649 autem
1022 2609 1094 2650 erret
1107 2595 1373 2666 uterquechremoe

301 2675 355 2748 cipi
366 2713 374 2740 ,
385 2674 451 2729 dum
460 2674 518 2747 ipse
529 2673 672 2747 decipitur.
683 2673 814 2744 Calidu-
856 2675 1007 2746 precipue,
1021 2676 1069 2748 qui
1086 2673 1275 2729 Menedemum
1288 2673 1374 2730 credit

303 2756 366 2810 Huc
386 2753 524 2827 egrediens
543 2753 625 2808 domo
645 2771 725 2807 senex
743 2752 815 2807 intro
858 2752 963 2827 decipi,
977 2754 1043 2809 dum
1057 2755 1113 2827 ipse
1126 2753 1272 2826 decipitur.

302 2834 336 2890 ed
346 2834 432 2887 filium
443 2834 572 2906 loquitur,
585 2845 616 2886 ut
624 2833 709 2888 stetim
721 2833 816 2887 intelli·
896 2835 963 2900 845.
984 2836 1024 2888 Et
1043 2855 1094 2899 me,
1118 2847 1143 2887 et
1156 2835 1290 2902 familiam,
1309 2835 1370 2888 Vet.

301 2927 364 2988 gunt
375 2926 531 2984 spectetores
540 2951 548 2980 ,
558 2932 618 2985 que
630 2910 731 2983 egendo
741 2911 815 2967 dein·
857 2913 919 2968 eod.
932 2934 975 2987 ap.
986 2912 1066 2969 Lind.
1077 2935 1114 2966 me
1126 2927 1151 2967 et
1153 2915 1277 2984 furnilium
1288 2935 1371 2969 m.

302 3013 363 3066 ceps
378 2993 406 3045 in
421 3011 501 3046 soene
514 2993 574 3046 sint.
589 2993 692 3046 Boecler.
859 3027 894 3038 —
912 2995 988 3065 Quod
997 2999 1022 3047 in
1037 3009 1060 3048 te
1070 3007 1115 3048 est.
1125 2994 1207 3060 Quod
1220 2993 1330 3065 quidem
1342 3007 1371 3048 tu

342 3073 410 3138 843.
439 3073 520 3141 Quum
547 3085 570 3123 te
593 3075 637 3126 int.
664 3072 755 3126 Guell.
781 3092 810 3139 s,
857 3075 1106 3154 poteseffieeref-
1115 3073 1372 3146 &restituamus

279 3157 357 3218 ,dum
370 3163 393 3205 te
402 3193 410 3218 ,
425 3164 476 3206 ete.
488 3183 527 3194 -
542 3150 632 3206 Gnate.
644 3153 814 3224 Apostrophe
856 3153 968 3222 honori,
991 3155 1128 3220 moribus,
1147 3157 1224 3209 femie
1244 3154 1370 3208 consule:

301 3233 335 3288 sd
350 3233 434 3288 filium
448 3233 594 3285 absentem.
857 3235 897 3286 Du
911 3233 951 3288 illi
968 3235 1146 3307 Antiphilam.
1168 3265 1209 3280 -
1222 3233 1299 3287 Sem
1316 3254 1369 3298 m,

342 3317 407 3378 844.
417 3314 544 3380 Resipisse.
555 3310 608 3366 Alii
621 3313 766 3381 resipiscere.
774 3345 814 3356 -
856 3315 1120 3382 etfamiliam.Petens
1129 3315 1236 3386 nupties
1246 3314 1304 3367 lilio
1312 3333 1369 3372 suo.

300 3399 427 3466 llespnse.
451 3419 463 3442 ι
476 3393 499 3444 Ε
513 3390 639 3444 vitiorum
654 3391 760 3462 gurgite
778 3390 814 3448 ed
856 3395 1038 3465 posteritatem
1048 3395 1159 3466 respicit
1166 3407 1258 3448 totum.
1267 3395 1351 3464 Eugr.

300 3495 373 3530 susm
395 3484 513 3526 mentem
540 3483 566 3525 et
590 3483 688 3524 rectum
705 3471 813 3525 vivendi
898 3473 1370 3546 846.Quidoissaciam?Per.thp.

299 3556 431 3609 rationem
444 3550 588 3606 emersisse.
602 3577 613 3598 ι
628 3552 663 3603 Et
671 3551 724 3605 hoe
732 3550 813 3619 dicit,
858 3554 936 3617 Cedo·
942 3555 1003 3628 quid
1011 3555 1175 3608 uirPFaciam.
1182 3551 1372 3608 Sedeedistin-

300 3633 373 3707 quod
392 3633 496 3686 unimus
513 3631 564 3684 filii
578 3631 653 3703 quasi
670 3631 705 3684 eh
720 3651 812 3686 umore
855 3634 1022 3689 otioseueum
1031 3634 1371 3704 mutetPerL-Quidois

298 3713 443 3768 meretricis
461 3712 591 3766 alienatus
609 3709 644 3764 ad
667 3711 811 3782 pristinum
850 3717 966 3783 sariam?
978 3712 1104 3780 Quidvis
1116 3714 1275 3769 messuere?

297 3811 417 3848 umorem
436 3790 544 3862 virginis
559 3791 675 3844 honeste
691 3789 810 3846 redierit.
897 3795 1047 3865 8157.ch
1057 3797 1105 3848 sibi
1117 3814 1223 3848 uxorem
1237 3794 1369 3850 Beuussr.

297 3876 430 3944 Resipisse,
453 3871 578 3942 entique,
597 3889 648 3942 pro
670 3873 811 3956 resipuisse>
855 3874 952 3946 Delph.
970 3875 1049 3928 Both.
1068 3875 1143 3928 Hune
1158 3894 1255 3928 uxorem
1268 3873 1370 3926 sibi.-

293 3954 371 4006 siouti
397 3955 510 4022 rupisset,
525 3950 609 4003 Plaut.
633 3950 705 4004 llud.
718 3952 809 4017 1V,r,
857 3953 1311 4027 Quiiitumr‘Quidindesequitur?

298 4036 314 4088 8
322 4073 331 4102 ,
344 4052 393 4104 pro
408 4033 531 4100 sapuhset.
545 4028 615 4083 Perl.
631 4062 670 4070 -
685 4031 719 4084 Ut
730 4040 809 4084 errat!
896 4037 962 4099 848,
978 4036 1048 4106 Quid
1054 4035 1209 4089 demittier?
1219 4033 1294 4088 MSS.
1303 4033 1369 4089 Pell.
