3000 4866
290 401 363 448 xnu
473 377 537 447 DE
562 375 826 447 TRAGOEDIA
851 377 909 446 ET
935 373 1185 452 COMOEDIA.

289 508 366 581 inde
379 508 519 596 faceret,
537 507 571 577 id
588 522 657 594 est,
667 510 765 578 unius
778 507 933 579 carminis
950 505 1061 602 plures
1075 505 1193 576 libros.
1213 510 1286 578 Hoc
1300 509 1359 604 igi·

288 629 357 702 tur,
374 641 440 710 quo
459 639 559 711 supra
576 615 738 701 diximus,
760 615 861 684 modo
882 615 990 684 coacti
1012 614 1165 684 omittere
1187 615 1359 708 Satyram,

232 709 238 720 ³
289 721 381 792 aliud
395 747 498 818 genus
513 723 682 811 carminis,
695 733 752 798 τήν
770 724 838 790 νέαν
852 711 1049 812 Κωμῳδίαν,
1063 720 1136 816 hoc
1147 735 1218 808 est,
1236 745 1359 792 novam

225 869 228 876 ·
291 829 499 901 Comoediam
524 853 677 924 reperere
705 843 832 926 poetae3
860 852 933 923 quae
962 841 1158 922 argumento
1189 831 1360 900 communi

291 937 413 1031 magis,
430 950 465 1006 et
480 935 676 1032 generaliter
691 935 734 1005 ad
751 960 866 1004 omnes
882 934 1052 1022 homines,
1063 933 1121 1027 qui
1138 932 1360 1004 mediocribus

290 1041 432 1114 fortunis
453 1057 575 1138 agunt,
588 1043 791 1138 pertineret:
813 1055 849 1110 et
867 1042 977 1112 minus
996 1039 1221 1110 amaritudinis
1235 1055 1361 1136 specta·

291 1150 432 1234 toribus,
456 1163 490 1220 et
522 1149 638 1221 eadem
660 1172 763 1246 opera
781 1146 925 1221 multum
948 1144 1176 1230 delectationis
1197 1145 1360 1222 afferret:

291 1257 454 1334 concinna
467 1271 684 1350 argumento,
700 1254 939 1328 consuetudine
951 1243 1116 1350 congrua,
1126 1251 1214 1322 utilis
1230 1267 1360 1336 senten·

291 1362 364 1449 tiis,
382 1376 477 1457 grata
495 1360 632 1452 salibus,
650 1377 729 1458 apta
747 1376 866 1434 metro.
890 1363 940 1432 Ut
958 1361 1059 1455 igitur
1081 1361 1268 1455 superiores
1297 1357 1361 1440 illae

290 1469 358 1538 suis
379 1493 517 1563 quaeque
533 1456 743 1538 celebrantur
763 1467 971 1542 auctoribus:
991 1469 1038 1536 ita
1055 1465 1127 1538 haec
1144 1468 1197 1536 νέα
1211 1458 1362 1558 κωμῳδία

289 1598 394 1668 quum
404 1573 585 1646 multorum
597 1572 1363 1670 antea,'tumpraecipueMenandriTerentiique

291 1694 350 1750 est
361 1683 414 1750 De
421 1707 486 1776 qua
499 1707 601 1776 quum
617 1681 721 1751 multa
734 1681 875 1752 dicenda
888 1683 970 1769 sint,
987 1694 1039 1752 sat
1055 1681 1119 1750 erit
1131 1694 1259 1764 amen,
1270 1677 1363 1766 velut

291 1786 492 1859 admonendi
514 1787 645 1861 lectoris
661 1813 775 1874 causa,
798 1787 888 1883 quod
907 1786 949 1856 de
966 1803 1037 1857 arte
1059 1789 1187 1858 comica
1209 1800 1362 1870 veterum

287 1892 411 1962 chartis
424 1896 625 1984 continetur,
647 1920 821 1994 exponere
840 1893 1014 1968 Comoedia
1027 1907 1190 1982 vetus,.ut
1203 1892 1245 1961 ab
1264 1893 1362 1962 initio

290 2000 414 2070 chorus
431 2000 512 2090 fuit,
530 2001 755 2098 paulatimque
770 2027 986 2098 personarum
1005 2025 1146 2074 numero
1162 2001 1197 2068 in
1214 2000 1362 2094 quinque

290 2120 384 2177 actus
400 2111 577 2202 processit:
594 2110 639 2180 ita
653 2109 812 2206 paulatim
826 2108 918 2187 velut
932 2109 1045 2177 attrito
1064 2122 1163 2201 atque
1181 2119 1362 2176 extenuato

288 2213 393 2283 choro
412 2214 456 2283 ad
476 2241 598 2286 novam
621 2217 827 2287 Comoediam
847 2216 894 2286 sic
917 2215 1085 2310 pervenit,
1107 2228 1146 2285 ut
1175 2213 1209 2280 in
1231 2235 1269 2280 ca
1287 2237 1362 2286 ,non

290 2319 391 2389 modo
413 2345 481 2390 non
503 2323 679 2397 inducatur
700 2325 838 2406 chorus,
866 2321 923 2392 sed
946 2346 989 2392 ne
1006 2319 1100 2391 locus
1119 2318 1253 2415 quidem
1275 2315 1362 2387 ullus

287 2425 357 2519 jam
381 2425 588 2522 relinquatur
612 2429 727 2499 choro.
755 2433 856 2516 Nam,
880 2442 1055 2523 postquam
1081 2428 1189 2498 otioso
1210 2439 1363 2518 tempore

290 2529 490 2602 fastidiosior
508 2550 676 2630 spectator
695 2535 853 2623 effectus,
874 2550 955 2608 tunc
970 2559 1074 2629 quum
1088 2531 1132 2602 ad
1151 2544 1304 2600 cantores
1318 2530 1362 2600 ab

290 2639 460 2708 actoribus
478 2640 589 2711 fabula
610 2642 789 2729 transibat,
806 2665 1007 2736 consurgere
1025 2653 1059 2708 et
1074 2638 1165 2708 abire
1187 2636 1362 2730 coepisset,

293 2742 467 2815 admonuit
487 2762 602 2842 poetas
617 2751 726 2844 primo
742 2747 875 2843 quidem
893 2748 1014 2817 choros
1030 2743 1302 2842 pretermittere,
1320 2741 1366 2812 lo

291 2873 369 2919 cum
391 2853 438 2922 eis
459 2853 700 2949 relinquentes:
717 2870 755 2924 ut
774 2855 957 2924 Menander
975 2853 1074 2936 feeit,
1090 2851 1155 2921 hac
1181 2850 1222 2920 de
1246 2873 1364 2934 causa,

292 2981 378 3048 non,
396 2972 433 3028 ut
452 2957 508 3031 alii
529 2963 731 3050 existimant,
749 2962 823 3031 alia.
850 2965 1024 3032 Postremo
1041 2984 1083 3030 ne
1098 2957 1208 3028 locum
1226 2955 1362 3051 quidem

291 3061 513 3159 reliquerunt:
531 3068 622 3162 quod
640 3071 751 3144 Latini
770 3069 922 3139 fecerunt
942 3068 1075 3150 comici,
1101 3064 1188 3135 unde
1211 3062 1300 3158 apud
1316 3060 1360 3131 il-

291 3167 341 3240 los
359 3170 513 3242 dirimere
527 3189 620 3246 actus
638 3177 924 3270 quinquepartitos
941 3171 1075 3243 difficile
1088 3185 1151 3240 est.
1164 3173 1250 3239 Tum
1262 3169 1362 3241 etiam

292 3277 569 3374 GraeciPrologos
586 3306 654 3351 non
670 3283 795 3352 habent
812 3305 905 3349 more
918 3282 1138 3364 Nostrorum,
1150 3301 1234 3371 quos
1251 3275 1361 3348 Latin

292 3382 426 3453 habent.
442 3386 572 3456 Deinde
581 3388 676 3467 Θεοὺς
688 3385 750 3456 ἀπὸ
759 3397 899 3480 μηχανῆς
910 3437 919 3466 ,
931 3384 964 3454 id
974 3400 1044 3466 est,
1057 3386 1149 3454 Deos
1159 3381 1363 3476 argumentis

291 3489 464 3560 narrandis
474 3493 698 3577 machinatos,
715 3496 825 3563 caeteri
843 3493 953 3562 Latini
967 3493 1070 3560 instar
1088 3491 1284 3560 Graecorum
1297 3488 1363 3556 ha·

292 3593 397 3666 bent:
419 3599 592 3671 Terentius
610 3625 678 3671 non
698 3600 807 3670 habet
831 3599 983 3685 adhoc,
1004 3591 1180 3692 προτατικὰ
1193 3594 1364 3687 πρόσωπα,

289 3701 413 3787 idest,
435 3727 593 3798 personas
621 3721 714 3777 extra
744 3719 977 3801 argumentum
1004 3704 1198 3786 arcessitos,
1221 3725 1288 3768 non
1314 3699 1364 3767 fa·

291 3805 355 3878 cile
375 3813 485 3879 caeteri
506 3811 653 3883 habent:
675 3814 794 3908 quibus
812 3813 985 3882 Terentius
1006 3809 1227 3906 seponatur,
1250 3819 1289 3875 ut
1303 3830 1365 3900 per

292 3915 413 3989 harum
425 3917 630 3990 inductiones
648 3920 742 3991 facile
757 3934 869 4016 pateat
886 3931 1131 4013 argumentum.
1142 3915 1300 3998 Veteres,
1317 3925 1366 3982 et·

289 4024 316 4092 si
342 4024 404 4118 ipsi
431 4049 563 4119 quoque
589 4028 623 4095 in
653 4028 768 4098 metris
800 4024 1021 4121 negligentius
1044 4037 1206 4118 egerunt,
1232 4019 1365 4089 iambici
