2890 4866
310 407 441 454 cxxvnr
471 385 593 454 LOCA
621 383 868 454 MENANDRI
896 387 953 454 ET
981 384 1296 456 APOLLODORI

310 518 461 611 Pperque
482 541 605 611 puero,
624 531 657 586 et
675 531 752 612 apta
771 517 901 586 mulieri
922 515 1064 586 mulier:

311 625 356 692 Et
377 647 464 717 aeger
483 647 594 718 aegro:
613 648 746 718 pressus
764 623 946 694 infortunio

311 729 471 798 lenimen
494 745 544 798 est
564 729 690 798 homini
711 729 805 800 malis
824 732 977 800 exercito.

181 841 184 850 ’
311 825 383 928 (Vs.
407 823 507 926 504).
526 834 669 906 «Aliena
695 836 812 906 melius
830 852 868 907 ut
892 835 1065 905 videant.»
1084 837 1124 905 ln
1142 835 1231 904 hanc
1251 848 1396 904 senten-

368 943 447 1012 tiam
469 943 676 1011 Menander:

314 1048 420 1128 Οὐθεὶς
440 1050 489 1118 ἐπ’
504 1054 600 1116 αὐτοῦ
620 1046 663 1116 τὰ
680 1047 761 1116 κακὰ
780 1055 907 1145 συνορᾷ,
927 1049 1089 1142 Πάμφιλε,

314 1158 445 1247 Σαφῶς·
469 1157 573 1249 ίτίρου
594 1146 625 1222 δ’
640 1155 887 1248 ἀσχημονοῦντας
905 1151 1028 1246 ὄψεται.

312 1267 436 1357 Aperte
459 1285 518 1330 sua
538 1259 626 1330 mala
644 1285 744 1332 nemo
764 1261 871 1346 videt,
888 1287 909 1332 o
926 1259 1115 1355 Pamphile,

312 1367 377 1437 Sed
396 1366 529 1438 alterius
549 1382 723 1464 peccatum
746 1367 1001 1464 conspicabitur.

586 1502 668 1571 Aca.
697 1525 747 1574 ιν.
775 1503 829 1574 Sc.
858 1525 887 1571 11
916 1495 978 1590 (vs.
1007 1491 1112 1595 675).

320 1653 337 1688 ο
351 1622 407 1694 Nil
430 1639 498 1694 tarn
519 1622 654 1693 difficile
672 1621 729 1713 ὀί,
743 1627 832 1720 *quin
851 1621 1039 1720 quaercndo.
1051 1653 1068 1688 a
1088 1619 1283 1691 Menander
1304 1619 1390 1716 apud

366 1729 533 1800 Stobaeum
550 1731 642 1825 Λόγῳ
658 1716 699 1806 r'r

312 1827 429 1906 Ᾰλωτοὶ
449 1836 565 1930 γίνεται
587 1836 741 1930 ίπιμελείᾳ
762 1837 813 1905 καὶ
831 1838 915 1923 πόνῳ

312 1928 455 2012 leaves.
973 2001 978 2010 .

313 2051 433 2119 Omnia
450 2065 576 2144 queunt
597 2049 764 2123 laboribus
786 2064 820 2120 et
841 2047 1003 2119 industria
1021 2044 1274 2142 comprehendi.

591 2184 675 2254 Aca.
705 2208 752 2254 ιν.
780 2185 834 2253 Sc.
855 2205 879 2250 v
907 2173 969 2273 (vs.
1000 2171 1100 2276 796).

318 2317 402 2386 «lus
432 2339 617 2400 summum,
640 2339 728 2409 saepe
749 2339 878 2389 summa
897 2311 1058 2384 malitia.»
1083 2309 1271 2382 Menander
1299 2310 1385 2406 apud

366 2419 532 2490 Stobaeum
550 2423 709 2490 Sermone
727 2415 793 2514 μί’.

429 2573 570 2592 ......
578 2512 608 2594 ὁ
624 2518 654 2593 δ’
671 2533 747 2620 ὀρῶν
766 2528 838 2606 τοὺς
850 2528 969 2619 νόμους’

317 2631 392 2701 Δίαν
416 2627 564 2726 aspidae,
579 2633 771 2727 συκοφάντης
793 2632 942 2724 φαίνεται.

430 2786 571 2806 ......
580 2740 649 2830 Qui
671 2739 759 2834 leges
781 2740 929 2809 intuetur
948 2739 1089 2834 optimas

315 2846 423 2916 Nimis
446 2859 613 2934 accurate,
629 2845 682 2916 ille
704 2846 909 2942 sycophanta
926 2868 1063 2941 prorsus
1080 2857 1139 2912 est.

611 2998 694 3066 Aca.
711 3021 742 3063 ν.
772 2997 826 3066 Sc.
854 3019 867 3062 1
894 2985 955 3082 (vs.
986 2981 1086 3086 893).

318 3123 529 3213 «Argentum
555 3134 593 3188 ut
618 3119 753 3190 dares.»
772 3119 941 3216 Expressit
963 3117 1055 3186 hunc
1074 3113 1252 3186 Menandri
1278 3113 1380 3182 versi·

369 3225 481 3296 culum
496 3243 505 3291 :

315 3335 469 3428 Λοοτρὸν,
486 3324 720 3426 θεραπαινίδας,
742 3332 794 3401 καὶ
815 3329 1032 3428 ἀργυρώματα.

315 3437 469 3530 Balneas‚
490 3436 644 3523 ancillas,
659 3435 696 3508 et¹
712 3440 879 3533 pecunias.

591 3575 674 3643 Acr.
686 3597 719 3640 v.
748 3575 803 3642 Sc.
832 3595 872 3641 111
901 3566 963 3654 (vs.
992 3557 1100 3665 983).

319 3695 452 3765 «Modo
473 3695 569 3766 liceat
590 3697 719 3781 vivere,
739 3709 790 3764 est
810 3719 925 3790 spes.»
945 3691 1190 3788 Apollodorus:

316 3849 325 3867 .
341 3852 349 3868 .
365 3793 541 3871 .Οὐδίποτ’
556 3803 678 3894 ἀθυμεῖν
699 3804 753 3870 τὸν
771 3810 872 3879 κακῶς

315 3907 515 4002 Πρᾶσσοντα,
532 3909 574 3976 τὰ
596 3909 708 3995 βελτίω
725 3899 760 3975 δὲ
776 3901 950 4002 προοδοοεᾷν
968 3904 1027 3973 ἀεί.

313 4015 354 4083 In
376 4017 512 4084 miseriis
529 4013 626 4084 nullis
646 4014 812 4084 labascere
830 4013 999 4098 convenit,
1121 4025 1123 4030 '

313 4119 454 4190 Meliora
475 4119 533 4190 sed
551 4145 683 4216 sperare
702 4145 831 4215 semper
852 4119 966 4188 affore.
