2926 4858
271 386 360 432 cvm
428 361 642 432 DANIELIS
669 364 839 435 llElNSII
868 365 1173 434 DISSERTATIO.

350 543 487 596 Insanum
503 551 546 597 est
558 539 679 612 malum,
693 539 723 597 in
736 539 894 618 hospitium
906 540 1015 600 divorti
1030 541 1067 599 ad
1082 538 1266 620 Cupidinem.

275 716 364 783 Vere
381 715 549 785 scenicum
568 730 602 784 et
615 714 718 785 illud:

355 899 392 955 Et
405 910 566 974 postremo,
582 898 637 954 nisi
652 915 698 955 mc
711 898 871 970 auscultas,
887 911 974 975 atquc
988 896 1061 970 hoc,
1074 909 1107 954 ut
1123 895 1205 969 dico,
1219 897 1307 966 lacis,

353 999 428 1052 Tute
445 1014 522 1074 pone
534 1007 563 1052 te
574 993 680 1054 latebis
693 995 790 1069 facile,
806 1013 842 1053 ne
858 995 986 1054 inveniat
999 1007 1028 1052 te
1037 993 1142 1052 honor.

276 1173 321 1239 Et
335 1173 409 1266 quis
427 1169 508 1240 illud
529 1185 622 1239 extra
640 1195 774 1242 scenam
795 1195 958 1267 usurpare
974 1170 1083 1241 ausit?

355 1353 509 1412 Benefacta
519 1353 678 1414 benefactis
690 1355 754 1414 aliis
768 1356 925 1435 pertegito,
937 1375 974 1414 ne
988 1355 1156 1435 perpluant.

274 1541 389 1629 Quare
403 1564 574 1634 nunquam
592 1541 754 1636 effugient
768 1543 848 1636 quin
867 1544 933 1612 sint
950 1543 1068 1637 inepti,
1078 1542 1134 1636 qui
1150 1540 1222 1610 haec
1240 1553 1274 1608 et
1287 1537 1353 1608 alia

276 1645 311 1715 id
323 1671 427 1741 genus
438 1647 481 1715 ad
498 1649 621 1716 serium
636 1646 767 1716 dicendi
778 1672 882 1742 genus
897 1647 1111 1718 transferunt.
1127 1649 1348 1738 Consequun-

278 1766 335 1821 tur
347 1754 455 1839 enim,
468 1752 557 1847 quod
574 1778 643 1823 non
656 1752 790 1840 rident,
802 1769 840 1823 ut
850 1756 944 1824 inviti
957 1755 1059 1823 risum
1075 1766 1249 1838 moveant,
1261 1751 1354 1845 quod

280 1883 349 1934 uon
371 1860 467 1953 pauci
484 1858 584 1929 hodic
603 1861 637 1928 in
664 1861 794 1955 scriptis
813 1863 958 1930 maximo
982 1859 1151 1930 molimine
1167 1883 1188 1926 a
1209 1861 1355 1927 Lectore

279 1965 469 2062 impetrant.
486 1967 642 2060 Sequitur
655 1967 692 2036 τὸ
704 1963 792 2053 ἦθος,
807 1966 913 2060 quod,
932 1981 969 2035 ut
983 1965 1081 2036 docet
1095 1962 1304 2050 Aristoteles,
1319 1965 1355 2032 in

280 2075 444 2161 oratione,
465 2073 723 2168 uniuscujusque
746 2074 932 2143 institutum
949 2072 1119 2144 indicatet
1133 2069 1353 2140 voluntatem.

280 2179 384 2269 Quod
399 2181 434 2248 in
453 2176 588 2274 singulis
603 2193 858 2276 representare,
873 2181 934 2250 nisi
952 2181 1015 2248 viri
1033 2193 1091 2248 aut
1108 2176 1281 2274 prudentis
1296 2191 1357 2245 aut

278 2285 492 2381 Philosophi,
508 2285 629 2356 nullius
647 2301 707 2357 est.
724 2286 810 2355 Nam
824 2285 1133 2381 quemadmodume
1149 2282 1285 2380 singulis
1297 2309 1356 2353 ex·

282 2393 461 2488 parientia,
478 2393 523 2461 ita
544 2417 644 2462 nemo
666 2391 870 2487 singulorum
890 2418 1000 2464 mores
1019 2394 1088 2464 sine
1105 2392 1171 2462 hac
1187 2391 1355 2486 exprimit

281 2499 396 2588 Quare
417 2498 567 2568 omnium
587 2498 832 2570 accuratissime
854 2515 889 2568 et
909 2501 1054 2596 optime,
1082 2497 1162 2593 quid
1181 2499 1223 2568 sit
1244 2496 1357 2565 facere

281 2619 320 2673 ut
333 2605 375 2674 sit
387 2604 475 2682 ἠθικὴ
498 2607 626 2695 oratio,
647 2603 869 2702 Philosophus
891 2606 1043 2676 ostendit.
1058 2601 1160 2696 Quod
1177 2602 1230 2672 vel
1245 2602 1357 2673 solum

282 2713 366 2780 tanti
386 2725 453 2798 est,
472 2725 510 2780 ut
531 2711 614 2780 nihil
639 2713 749 2782 minus
766 2709 931 2803 nonnulli,
958 2714 1015 2809 qui
1037 2711 1079 2782 ad
1097 2711 1359 2780 Rhetoricarum

282 2841 417 2887 suarum
429 2817 517 2914 leges
533 2843 731 2914 magnorum
745 2844 879 2916 quoque
890 2834 924 2890 et
937 2816 1128 2890 sublimium
1144 2818 1358 2912 ingeniorum

281 2926 448 2994 orationes
464 2927 595 3020 exigere
606 2925 749 3014 audent,
760 2925 824 2996 hac
841 2928 877 2995 in
891 2941 986 3021 parte
1002 2925 1158 2996 rideant:
1174 2926 1208 2992 in
1218 2949 1301 3017 qua,
1315 2921 1361 2991 ad

283 3032 386 3126 ipsius
404 3057 537 3128 quoque
551 3031 755 3127 antiquitalis
769 3046 957 3128 stuporem,
973 3032 1055 3102 Afer
1069 3033 1131 3101 iste
1148 3044 1278 3126 regnat.
1290 3031 1360 3098 Re·

281 3153 334 3207 cte
353 3164 434 3234 ergo
448 3141 577 3208 Varro:
594 3141 661 3208 «lu
679 3142 883 3235 argumentis
897 3138 1050 3209 Caecilius
1068 3138 1176 3234 poscit
1191 3135 1358 3232 palmam,

281 3247 315 3314 in
336 3245 441 3315 ethesi
455 3247 669 3316 Terentius.»
688 3244 861 3340 Significat
880 3248 985 3334 enim,
1005 3243 1174 3315 Caecilium
1191 3243 1363 3338 οὐρετικὸν,

281 3367 340 3420 aut
354 3355 465 3447 potius
478 3353 709 3445 εὐοικονόμητον
724 3352 825 3422 fuisse
839 3350 1146 3447 :quemadmodum
1157 3351 1362 3442 ἀνοικονόμη·

282 3484 336 3537 τος
350 3483 590 3554 nonnunquam
608 3483 678 3554 prae
696 3457 831 3553 reliquis
845 3458 977 3528 videtur
993 3457 1145 3545 Plautus,
1160 3457 1214 3527 cui
1231 3479 1362 3525 sermo·

280 3565 331 3631 nis
344 3564 431 3635 idem
451 3567 632 3661 assignavit
648 3563 790 3635 laudem.
813 3565 935 3656 Quod,
953 3567 980 3634 si
993 3563 1175 3660 quidquam
1195 3563 1363 3658 sapimus,

283 3671 475 3741 Terentium
488 3687 538 3743 est
553 3670 672 3741 Plauto
689 3670 855 3766 preferre.
865 3674 916 3742 Ut
928 3695 1031 3766 quum
1045 3695 1139 3758 eum,
1155 3671 1212 3764 qui
1227 3667 1364 3739 excellit

283 3779 317 3843 in
340 3777 475 3870 majori,
493 3781 598 3876 magis
619 3803 724 3875 quam¹
733 3780 790 3872 qui
809 3780 844 3848 in
863 3778 1000 3866 minori,
1023 3776 1164 3848 dicimus
1186 3774 1362 3846 excellere.

281 3883 398 3978 Neque
420 3907 521 3954 causa
542 3886 605 3957 luit
623 3886 710 3974 alia,
729 3909 851 3981 quare,
875 3885 967 3980 quod
992 3884 1173 3964 observant
1194 3887 1363 3967 Veteres,

280 3986 366 4056 idem
388 3993 515 4080 Varro,
538 3994 636 4062 etiam
659 3990 868 4079 Menandro,
894 3993 927 4062 iu
948 3990 1146 4088 quibusdam
1171 3989 1363 4085 praetulerit
