2968 4856
273 409 347 503 278
492 409 676 478 PUBLII
704 413 966 481 TERENTII
994 413 1115 480 AFRI

268 543 381 613 Lien.
404 543 525 612 Actum
543 543 592 612 ’st
619 545 733 616 Pinus.
747 548 833 614 Tum
856 546 1034 642 quamdam
1057 545 1225 615 fidicinam
1249 561 1343 614 amat

357 653 375 688 ‚¹
423 649 664 719 binc'Chaerea.

266 758 379 825 Issen.
395 757 497 842 Hem,
515 754 613 850 quid?
629 757 746 827 Amat?
764 763 815 828 An
832 761 901 854 jam
919 761 980 829 scit
996 758 1065 849 ille,
1081 757 1160 852 quid
1179 761 1342 826 meretrix

423 860 504 932 siet?
1298 895 1342 948 9ss

267 970 320 1036 An
336 968 369 1035 in
383 984 457 1038 astu
474 969 587 1038 venit?
599 969 697 1039 Aliud
714 997 753 1040 ex
772 970 836 1041 alio
854 972 989 1041 malum.

265 1077 379 1145 Psnu.
396 1079 500 1156 llere,
517 1101 560 1144 ne
578 1103 632 1146 me
650 1093 800 1174 spectes:
818 1105 870 1147 me
884 1077 1063 1175 impulsore
1076 1078 1148 1148 haec
1161 1104 1232 1148 non
1250 1078 1340 1149 fucit.

265 1183 377 1259 Lacu.
397 1185 525 1252 Omitte
547 1182 588 1252 de
609 1197 642 1253 te
663 1184 781 1254 dicere.
802 1187 875 1280 Ego
895 1199 947 1270 te,
963 1185 1115 1271 furcifer,

263 1289 297 1380 Si
318 1291 441 1358 vivo..
459 1337 467 1354 .
488 1289 553 1358 Sed
570 1291 655 1374 istuc
674 1291 833 1385 quidquid
852 1305 917 1378 est,
931 1293 1076 1388 primum
1094 1291 1227 1388 expedi.

261 1525 456 1596 ctEnnnchum
465 1525 585 1580 nominat
597 1521 682 1579 solum
691 1525 776 1592 ,unde
821 1541 909 1582 terum
925 1528 1035 1582 Athenae
1045 1528 1073 1580 in
1085 1526 1150 1581 duas
1159 1527 1252 1582 divisas
1263 1541 1341 1583 erant

262 1607 365 1660 occasio
378 1605 491 1676 periculi
507 1606 639 1660 commissi
660 1604 692 1658 sd
712 1607 777 1660 alte·
820 1621 907 1678 partes
924 1625 931 1662 :
947 1608 1065 1672 Urbem,
1087 1626 1145 1680 quae
1163 1607 1235 1662 dicta
1255 1609 1340 1676 ἄστυς

262 1705 323 1760 rum
345 1686 450 1750 libum,
479 1685 634 1750 Chaeream,
657 1687 777 1758 profecta
822 1701 848 1741 et
868 1701 992 1760 portum,
1017 1687 1065 1759 qui
1079 1689 1208 1759 llsspuulsc
1227 1703 1339 1744 vocatus

266 1778 313 1819 est.
331 1767 414 1822 Boecl..
822 1780 867 1820 est.
887 1769 939 1822 Eas
955 1780 1045 1821 antem
1068 1782 1154 1838 partes
1173 1788 1243 1821 unus
1262 1788 1338 1822 cosn-

303 1848 370 1916 984.
388 1848 540 1900 Amatlrinc.
556 1843 600 1898 Sic
617 1857 676 1916 post
692 1847 776 1898 Bentl.
822 1848 986 1918 plectebatur
1008 1847 1141 1914 ambitum
1165 1847 1212 1900 sed
1241 1847 1278 1901 ita
1304 1862 1337 1903 nt

265 1926 356 1998 legunt
368 1927 448 1980 Both.
461 1926 530 1980 Perl.
543 1945 593 1998 pro
609 1931 647 1980 tic
661 1927 776 1998 vulgato.
821 1927 918 1998 plebeii
939 1940 965 1980 et
989 1925 1156 1980 democratia
1176 1928 1291 1981 fautores
1307 1928 1336 1981 in

263 2039 303 2052 ·-
312 2009 403 2060 Actum
414 2018 457 2060 est.
470 2007 592 2061 Verbum
603 2005 654 2060 riri
667 2006 777 2060 omnino
821 2007 930 2077 regione
941 2007 1020 2060 Pirni
1033 2020 1139 2078 agerent
1147 2029 1154 2071 ;
1162 2008 1338 2078 elegantiores

265 2084 436 2159 desperantis.
450 2117 490 2131 -
507 2087 724 2157 Turn,praeterea.
737 2120 777 2129 -
820 2085 1019 2158 nobilioresque
1045 2099 1104 2140 astu
1126 2086 1282 2141 incolerent.
1311 2091 1337 2141 A

266 2167 403 2237 Quondam
422 2165 560 2236 fidicinam.
592 2167 728 2219 Fidicinum
750 2179 777 2219 et
820 2167 920 2236 potiori
941 2167 1022 2238 igitur
1044 2178 1119 2238 parte
1140 2179 1166 2219 et
1184 2166 1220 2218 ad
1241 2181 1337 2238 portua

264 2245 373 2319 insuper
390 2247 517 2320 quemdum
531 2245 612 2311 dicit,
625 2266 679 2298 non
697 2249 776 2316 virgi·
820 2244 963 2299 discrimen
975 2246 1039 2298 ἄστυ
1051 2259 1078 2299 et
1092 2247 1338 2308 dorrasbenomina·

266 2345 318 2378 nem
331 2341 357 2380 et
367 2331 450 2387 ciuem,
465 2339 495 2379 ut
505 2339 623 2381 attenuet
634 2323 776 2396 indignius·
819 2325 884 2378 bant
895 2327 988 2379 urbem
1000 2339 1027 2378 et
1041 2326 1165 2379 urbanos.
1175 2327 1228 2379 Ed.
1241 2327 1335 2398 Deloh.

263 2418 317 2458 tem
328 2407 405 2472 facti,
424 2405 496 2554 pund
514 2425 577 2460 mox
595 2405 775 2460 confitebitur.
819 2405 950 2458 -Aliud
958 2428 988 2458 eu
998 2407 1048 2458 alio
1061 2407 1165 2470 mamm,
1180 2409 1238 2460 sub.
1247 2411 1334 2460 oritur.

264 2485 399 2549 Fidione,
447 2503 505 2558 qun
533 2485 634 2538 fidibus
660 2481 775 2546 cernunt)
818 2483 896 2537 Prius
905 2485 1335 2558 malum,quodfidiciuamarnct;

264 2563 442 2636 apudAtticos
453 2564 498 2617 vili
511 2579 585 2618 erant
598 2565 625 2618 in
637 2566 777 2636 pretio.-
818 2565 944 2632 alterurn,
953 2585 985 2620 ex
995 2566 1049 2618 hoc
1061 2581 1149 2619 orrum
1159 2604 1167 2630 ,
1176 2564 1250 2637 quod
1259 2585 1336 2620 snam

264 2646 348 2710 Hinc,
366 2645 442 2716 jungi
459 2643 540 2700 debet
558 2663 618 2698 curn
630 2645 775 2715 fideman,-
818 2644 959 2698 stationem
970 2643 1126 2699 deseruerit.
1137 2645 1237 2700 Iurene.

264 2744 323 2797 quse
341 2738 380 2778 est
399 2743 431 2778 ex
449 2725 497 2778 bac
517 2721 614 2789 domo;
637 2738 662 2778 et
678 2723 776 2779 indicat
860 2725 927 2795 987.
944 2723 1007 2778 Hoec
1021 2746 1069 2778 non
1077 2727 1152 2793 socie.
1172 2725 1262 2780 Mark.
1277 2727 1337 2780 Hoc

263 2801 331 2864 redes
341 2803 462 2858 Thaidis.
819 2805 897 2871 nonf.
911 2805 1000 2860 West.
1008 2837 1049 2848 -
1057 2806 1139 2870 Here,
1150 2826 1180 2858 ne
1188 2819 1334 2878 noespectes.

306 2885 373 2952 985,
396 2884 460 2936 Hem
483 2884 621 2955 reponitur
643 2883 670 2936 in
696 2902 774 2939 versu
820 2884 986 2938 Conscientia
1001 2883 1122 2956 trepidus
1130 2885 1262 2939 Parmeno
1274 2886 1336 2940 beri

264 2963 425 3036 praecedenti
439 2961 512 3035 apud
527 2963 775 3017 Bothum-lam
818 2963 921 3017 vultum
942 2976 1045 3020 terrore
1066 2978 1093 3019 et
1112 2964 1251 3018 iracundia
1274 2967 1336 3038 ple·

263 3048 309 3096 scit
321 3044 369 3096 ille.
385 3042 470 3096 Aliter
483 3061 589 3114 quoque
605 3041 773 3115 disponitur:
816 3062 882 3096 num
897 3061 952 3096 non
965 3045 1091 3110 sustinet,
1105 3057 1132 3098 et
1145 3045 1335 3118 purgationem

205 3120 208 3126 ’
263 3126 308 3176 scit
323 3127 377 3195 jam
395 3125 493 3176 tlte-
506 3123 576 3192 Quid
593 3126 772 3179 meretriculae.
815 3123 933 3195 priorem
943 3125 1049 3194 repetit.
1058 3125 1254 3177 Bacl-Hoec
1256 3128 1334 3193 fircit.

261 3203 331 3270 Quia
341 3203 448 3257 fidicina
462 3204 585 3256 meretrix
598 3216 646 3258 est.
816 3205 895 3257 Amat
906 3202 1048 3269 feminam,
1064 3216 1090 3257 et
1102 3206 1177 3258 abest
1188 3224 1203 3258 a
1215 3205 1311 3260 Piraeo.

304 3287 370 3354 986.
388 3286 432 3338 Au
442 3287 467 3335 in
480 3295 545 3345 astu,
559 3296 611 3337 etc.
628 3285 660 3336 In
671 3283 729 3336 aliis
738 3285 774 3338 le·
858 3285 925 3354 988.
935 3284 1055 3351 Furcifer.
1073 3284 1144 3337 Vide
1156 3303 1235 3356 supra
1245 3284 1333 3339 Andr.

262 3363 333 3436 gitur
346 3383 401 3418 nno
417 3376 523 3427 tenore,
536 3363 580 3416 Au
594 3367 620 3415 in
636 3376 690 3417 astu
706 3369 774 3417 verrit
817 3382 854 3416 us.
870 3366 944 3432 619,
959 3382 1018 3435 pag.
1034 3363 1168 3418 82.--Si
1182 3367 1249 3417 uiuo.
1264 3365 1333 3419 For·

261 3445 371 3498 aliudue
382 3446 432 3497 alio
445 3445 553 3496 malum?
564 3441 610 3497 sed
622 3441 771 3514 depravate,
817 3445 888 3496 mula
906 3443 1026 3496 minandi
1044 3461 1123 3515 quam
1138 3444 1332 3516 explicuimus,

262 3537 292 3578 ut
314 3537 389 3578 notat
409 3523 546 3597 Antesign.
560 3523 653 3580 -An
671 3527 697 3576 in
719 3536 773 3577 astu
818 3521 903 3578 Andr.
920 3542 959 3576 vs.
975 3525 1044 3594 867,
1058 3542 1117 3594 pag.
1133 3542 1198 3578 rra.
1214 3523 1266 3578 Hic
1281 3543 1335 3578 au-

261 3607 342 3666 serit,
359 3622 390 3656 ex
405 3604 490 3658 Pirseo
503 3604 551 3657 ubi
566 3616 654 3656 custos
667 3603 773 3675 publice
817 3616 869 3656 tem
887 3615 927 3656 est
943 3603 1119 3675 aposiopesis;
1135 3605 1192 3656 sub.
1217 3605 1333 3658 ulciscur.

262 3696 310 3755 est.
324 3681 388 3736 Vid.
398 3701 540 3753 supra,vs.
555 3702 693 3756 a9o‚pag.
708 3685 771 3754 167.
816 3683 992 3756 -Quidquid
1005 3695 1056 3746 est,
1075 3680 1266 3755 quodcumque
1282 3699 1334 3740 est.

261 3764 336 3816 -In
345 3775 406 3816 astu
417 3763 688 3817 Atheniensesurbem
697 3781 771 3816 suain
816 3763 900 3816 Causa
921 3763 1029 3816 inventa
1043 3782 1091 3816 cur
1107 3763 1239 3834 supplicia
1253 3762 1334 3818 dille·

260 3856 316 3896 ustu
328 3843 467 3897 vocabant.
487 3841 596 3908 Cicero,
610 3841 644 3896 de
659 3843 722 3914 Leg.
738 3843 770 3895 1:
815 3841 1117 3907 rantur,donecuxorem
1123 3841 1333 3908 ducathsersa,

265 3949 275 3972 ι
287 3923 420 3988 Theseus,
432 3921 532 3994 inquit,
542 3921 649 3976 eosdem
660 3921 772 3993 migrare
816 3935 841 3975 et
854 3935 950 3994 purget
959 3923 1165 3987 Parmenonem
1181 3922 1332 3977 secundum

260 4021 292 4056 ex
307 4002 391 4075 agris,
402 4016 429 4056 et
444 4002 473 4054 in
488 4013 558 4065 ntes,
571 4001 643 4073 quod
656 4003 771 4076 appella·
815 4015 969 4074 argumenta
979 4021 1038 4074 quae
1052 4003 1102 4056 sibi
1116 4002 1172 4074 ipse
1181 4005 1331 4074 prespexit,

260 4095 312 4149 tur,
324 4101 415 4136 omnes
426 4101 454 4136 se
463 4080 585 4135 conferre
593 4081 676 4153 jussit.
691 4109 701 4128 ι
715 4083 772 4136 Cn·
817 4095 969 4137 causaturus
981 4083 1096 4138 Charete
1107 4084 1187 4153 jussa.
1199 4083 1266 4135 Dor.
