2928 4856
275 361 587 430 nuuucuus.
615 360 723 432 ton
752 359 822 444 ιν,
850 361 919 428 sc.
949 361 1060 429 vui.
1133 365 1205 456 ²47

126 489 218 562 'Scin'
229 507 267 562 tu
277 487 288 578 ,¹
297 507 335 560 ut
346 492 406 560 tibi
418 517 470 564 res
484 518 519 562 se
532 493 673 562 habeut?
683 495 716 564 si
730 491 910 587 quidquam
923 492 1021 562 hodie
1035 492 1091 560 hic
1104 507 1137 562 tu
1143 493 1209 562 rbae

294 601 451 693 coeperis,

131 706 283 789 Faciam,
298 720 335 773 ut
345 705 443 798 hujus
453 704 516 776 loci
529 705 658 800 dieique
670 708 800 800 meique
813 728 943 797 semper
958 705 1153 775 memineris.
1171 739 1210 775 a..

130 813 200 880 Gn.
218 813 357 880 Miseret
374 812 424 880 tui
438 837 507 893 me,
523 813 579 908 qui
596 814 686 882 hunc
697 827 830 882 tantum
846 811 1015 879 hominem
1030 811 1131 881 facias
1143 814 1207 884 ini-

296 919 420 987 micum
439 919 508 988 tihi.

132 1026 223 1094 Cim.
241 1024 435 1093 Diminuam
450 1050 514 1120 ego
530 1040 631 1120 caput
646 1039 740 1096 tuum
758 1023 874 1108 hodie,
890 1023 951 1092 nisi
967 1023 1046 1092 abis.
1060 1026 1127 1094 Gn.
1145 1027 1209 1096 Ain

297 1154 393 1212 vero,
414 1127 519 1200 canis!
625 1219 628 1225 Ι
1038 1123 1042 1133 ’

134 1236 264 1304 Siccine
285 1235 378 1330 agis?
393 1240 481 1306 Tim.
501 1239 586 1327 Quis
603 1251 640 1306 tu
656 1263 690 1306 es
707 1238 809 1306 homo
820 1234 834 1304 Ρ
846 1235 936 1324 Quid
953 1233 1013 1305 tibi
1029 1235 1102 1305 visi
1118 1239 1209 1326 Quid

296 1367 371 1412 cum
394 1342 448 1412 illa
470 1346 517 1412 rei
532 1344 591 1412 tibi
606 1343 674 1416 est?

135 1449 223 1517 Cim.
244 1449 362 1518 Scibis.
379 1451 545 1545 Principio
568 1474 642 1518 eam
659 1474 731 1519 esse
746 1449 821 1517 dico
836 1447 983 1516 liberam.
996 1451 1083 1518 Tun.
1103 1447 1207 1520 Hem!

296 1557 385 1625 Can.
401 1558 518 1626 Civem
534 1557 689 1626 Atticam.
701 1559 789 1624 Tun.
809 1551 893 1624 Hui!

136 1791 301 1842 aunazeun.
314 1809 377 1842 auae
390 1787 652 1842 maledicas-Cave
696 1787 822 1840 Formuta
851 1785 1020 1857 indignantis.
1045 1787 1115 1843 Vide
1143 1793 1210 1843 Dra·

135 1872 183 1932 air,
198 1887 251 1939 pro
263 1869 345 1934 Cave,
356 1872 379 1921 si
388 1873 435 1922 ais.
452 1869 523 1934 Quia
534 1867 651 1939 impera·
695 1866 856 1920 hemburch·
868 1865 902 1918 ad
913 1867 972 1920 Liv.
982 1868 1067 1930 XLV,
1076 1888 1130 1922 xrx.
1142 1871 1210 1926 Peri.

134 1950 187 2001 tiva
202 1961 266 2000 suut
282 1950 488 2009 contumeliosa,
518 1945 652 2000 addebant
695 1979 733 1990 -
750 1947 842 2004 Caai's,
867 1947 981 2000 militare
1002 1950 1150 2002 convicium
1171 1965 1210 2005 est

136 2042 236 2082 veteres
251 2033 293 2082 sis.
306 2059 347 2072 -·-
358 2029 406 2082 Cui
415 2027 489 2092 viro,
504 2046 583 2098 quam
596 2028 650 2079 for·
694 2030 759 2077 caah
771 2026 797 2078 iu
805 2026 919 2088 hostem,
934 2039 964 2078 ut
972 2024 1204 2096 apudHumerum,

66 2157 72 2172 ,
136 2105 263 2160 midando
280 2109 411 2161 bellatori.
435 2131 473 2143 -
495 2108 649 2170 Maledicas,
694 2105 804 2170 Iliadl,
821 2111 883 2174 159.

138 2187 258 2240 convicia
265 2187 519 2258 ingeras-Tamne
525 2187 650 2240 adinflaec
735 2186 799 2241 803.
808 2185 901 2236 Siccine
916 2187 991 2253 agise²
1002 2185 1052 2236 Ms.
1063 2186 1132 2254 Bibi.
1144 2188 1206 2258 Reg.

137 2267 171 2321 ed
186 2267 369 2321 Gnathonem.
383 2267 524 2339 Sequentia
536 2268 598 2318 scia'
615 2279 648 2329 ta,
694 2279 719 2318 et
740 2267 785 2318 Br.
803 2269 838 2316 sic
856 2270 932 2333 agi's?
954 2297 993 2307 —
1015 2267 1052 2316 Es
1068 2267 1145 2319 imma.
1163 2268 1207 2322 Sic

137 2361 185 2400 etc.
198 2345 233 2400 ad
249 2348 423 2400 Thrasonem.
694 2347 774 2416 Vatp.
790 2345 859 2398 Peri.
878 2347 948 2397 Dant
958 2345 1026 2397 domo
1037 2365 1062 2396 es
1074 2348 1208 2420 Autesign.

176 2447 245 2498 799.
254 2427 311 2498 Bip.
321 2421 388 2496 tuipe
397 2447 446 2499 pro
457 2427 540 2478 turba.
550 2456 589 2467 -
598 2425 651 2478 Coe·
694 2426 738 2480 ltr.
751 2427 830 2478 Zeun.
844 2425 919 2477 Beut.
931 2424 989 2495 Bip.
1003 2425 1081 2479 Both.
1095 2451 1133 2460 -
1146 2429 1208 2482 Cum

136 2511 210 2576 peris.
226 2508 289 2560 Mss.
306 2505 416 2578 quidam
441 2520 467 2560 et
483 2504 543 2558 edd.
549 2507 649 2572 ficetis.
694 2506 820 2570 iila,eum
833 2503 981 2575 Pamphila.

138 2587 228 2642 West.
246 2587 289 2638 ΒΓ.
303 2617 344 2626 -
357 2585 421 2639 Scia’
439 2598 483 2649 ta,
499 2599 525 2638 ut
541 2587 586 2637 tihi
600 2606 650 2650 res,
736 2587 799 2650 804.
816 2585 880 2636 Eam
893 2605 941 2637 esse
957 2585 1020 2638 dico.
1037 2587 1115 2638 Both.
1135 2586 1207 2642 delet

138 2679 185 2718 etc.
210 2664 281 2718 Scin’
296 2678 467 2741 tuquantum
484 2686 526 2720 res
539 2665 651 2736 periculi
694 2665 881 2718 eam-Hui.
897 2665 949 2718 Ma.
967 2665 1096 2736 Liparai.
1118 2668 1207 2722 west,

137 2746 235 2800 haheat
249 2745 309 2799 tihi.
693 2745 829 2797 -Scibia
846 2745 1090 2808 EtScas,etSaibis
1100 2745 1207 2802 dicitur.
1262 2770 1265 2781 ·

177 2829 245 2882 800.
257 2825 358 2878 Faciam
370 2837 395 2876 ut
409 2826 478 2896 iiujas
491 2827 545 2878 laci.
554 2825 650 2896 Deiph.
694 2826 762 2877 Dan.
778 2855 818 2868 --
831 2824 895 2877 Non
911 2825 1100 2896 obsequenter,
1117 2825 1162 2880 sed
1175 2829 1207 2880 fi·

139 2905 466 2972 trininitas-Faciam,
480 2905 651 2958 usumin·
694 2918 785 2976 gurete
806 2902 960 2958 dicitur'ab
984 2905 1059 2958 irato.
1076 2905 1151 2960 Idem.
1168 2941 1208 2952 -

140 2997 210 3056 tegra
224 2985 651 3056 NosterexPlaut.Capt.IV,11‚
695 2986 835 3056 Priacquio,
852 2998 902 3036 etc.
931 2985 962 3036 In
979 2983 1209 3039 triadivisitoifi·

141 3084 190 3130 20,
201 3059 432 3136 transcripsits-
444 3065 526 3134 Hajia
539 3065 584 3117 loc.
601 3076 650 3116 etc.
695 3067 767 3118 cium
779 3063 940 3118 defensionis
950 3083 1013 3118 suae.
1024 3065 1055 3117 ln
1063 3067 1210 3130 assertoris,

141 3144 214 3209 laci,
225 3145 253 3198 in
264 3144 487 3216 quoioesus3diei3
497 3161 652 3215 quocaesus3
695 3146 822 3216 Priaciliio
835 3163 887 3196 eam
902 3164 951 3196 esse
964 3145 1019 3196 dico
1034 3145 1144 3198 liberam
1158 3164 1164 3198 :
1177 3149 1209 3199 In

141 3228 193 3287 mei,
209 3243 226 3278 a
238 3243 293 3296 quo
306 3243 396 3278 casus.
409 3225 504 3277 Donat.
696 3225 839 3296 cognitoris
849 3263 856 3288 ,
867 3228 940 3276 ciuem
949 3228 1047 3276 atticam
1055 3241 1061 3276 :
1069 3224 1096 3276 in
1109 3225 1209 3291 fratris,

182 3307 248 3359 θυι.
272 3305 323 3373 Qui
334 3306 425 3371 facias.
444 3305 544 3377 Utpote
556 3303 601 3376 qui
619 3303 672 3365 im,
696 3325 771 3358 meam
782 3323 894 3356 sororem.
912 3305 947 3357 Et
968 3305 1106 3356 bonusest
1126 3301 1210 3371 ordo,

140 3383 200 3438 aias.
214 3415 255 3431 -ι
271 3385 376 3436 Tantum
391 3385 515 3437 hominem.
527 3384 568 3436 Ne
581 3401 654 3436 nunc
696 3386 796 3450 libera,
809 3384 892 3447 civis,
906 3383 1013 3436 nobilis.
1025 3415 1065 3424 -
1078 3381 1205 3448 Liberam,

141 3462 250 3534 quidem
263 3463 395 3518 Parasitus
418 3483 433 3516 a
453 3463 545 3518 militis
566 3481 654 3516 assen-
697 3484 752 3539 quo
765 3465 868 3517 tollitur
884 3477 954 3515 tuam
968 3459 1060 3516 videri.
1073 3492 1113 3504 -
1127 3463 1208 3516 Civem

142 3543 240 3596 tatione
255 3541 375 3596 discedit.
698 3558 744 3596 ate.
760 3562 814 3615 quo
830 3543 908 3596 etiam
928 3541 1063 3611 negotium
1088 3555 1175 3612 potest
1186 3545 1210 3598 ei

181 3625 248 3676 802.
275 3621 355 3694 Caput
380 3635 454 3678 taam.
476 3624 555 3678 Both.
584 3631 657 3693 caput
698 3625 770 3686 fieri,
788 3623 834 3694 qui
851 3619 1068 3692 seprodomino
1086 3621 1164 3691 gessit
1182 3625 1210 3676 in

142 3703 195 3768 ribi,
209 3716 271 3775 poet
282 3705 420 3758 Ienensem
434 3705 599 3758 etVenetum
611 3722 657 3756 co·
698 3707 792 3760 civem.
809 3703 902 3754 Donat.
917 3731 956 3740 —
969 3699 1024 3752 Hui
1032 3739 1039 3762 ,
1056 3700 1107 3752 hem
1119 3714 1144 3754 et
1156 3721 1209 3757 οω-

142 3781 238 3838 dicem.
255 3783 315 3837 Hel.
333 3785 464 3838 saunaribi.
475 3786 571 3838 -Ms
582 3785 655 3854 Lips.
699 3799 753 3840 tera
763 3778 916 3864 hujusmodi
927 3779 1042 3850 generis,
1054 3799 1141 3834 sennan
1151 3797 1213 3836 eunt

143 3866 188 3915 nisi
197 3865 268 3916 hodie
279 3864 339 3916 abis.
355 3897 395 3906 -
416 3867 569 3929 Diminuam,
585 3883 652 3918 con·
700 3863 822 3918 adversus
836 3879 895 3923 eoo,
908 3860 1003 3930 quibus
1018 3860 1169 3926 irascimur,
1182 3876 1214 3916 ut

143 3954 239 4004 teram,
263 3942 419 3996 indiversus
434 3945 652 4015 partesconirin-
698 3941 914 4016 impudentibus,
933 3953 958 3994 et
977 3957 1042 3992 vona
1063 3942 1213 4010 profitenti·

142 4039 209 4089 gam.
219 4055 259 4070 ψ-
267 4023 335 4088 Ain,
346 4023 437 4078 hocne
445 4023 572 4077 dicist-
581 4026 652 4079 Vero.
698 4027 757 4078 bus.
770 4026 863 4076 Βοηατ.

985 4117 1052 4200 16⁴
