3014 4872
269 397 321 442 xrr
669 373 929 444 PRAEFATIO

266 509 410 600 quoties,
431 506 576 576 ubitam
597 531 684 601 saepe
705 507 885 603 neglexerit
908 504 1138 575 auctoritatem
1155 505 1331 594 codicum,

262 612 497 708 refugiendum
514 625 598 684 esset
616 612 658 683 ad
670 611 751 684 illos
770 617 818 685 Ac
832 637 910 683 sane
926 613 1071 682 incertus
1083 636 1156 681 sum
1174 612 1215 680 de
1227 617 1331 682 Bent-

268 718 349 806 leio,
370 735 481 800 utrum
503 720 539 788 in
560 719 720 789 mutando
748 719 906 791 audacior
928 717 1009 788 mihi
1034 719 1125 788 visus
1148 717 1265 803 fuerit,
1287 743 1331 788 an

267 829 417 921 sagacior
437 828 472 896 in
491 825 730 921 perscrutando
749 851 843 913 ver03
867 826 901 896 id
922 838 1052 896 tantum
1078 849 1219 920 cognovi
1211 824 1330 894 illurn

266 931 368 1000 modo
384 934 494 1002 versui
513 959 573 1008 suo
589 932 746 1028 fingendo
759 931 992 1003 ultramodum
1004 932 1217 1018 concessisse,
1229 931 1332 1000 modo

266 1041 458 1109 Terentium
480 1041 585 1134 magis
601 1063 642 1110 ex
661 1039 792 1134 ingenio
820 1065 881 1110 suo
900 1063 1000 1134 quarn
1019 1062 1059 1107 ex
1080 1037 1146 1108 fide
1171 1037 1331 1106 librorum

265 1147 399 1240 ipsimet
414 1170 614 1232 consonum,
629 1146 764 1241 insuper
780 1145 932 1216 eumdem
944 1143 1050 1213 Plauti
1068 1143 1205 1214 similem
1220 1143 1331 1212 reddi·

267 1265 338 1321 turn
361 1250 512 1326 voluisse.
535 1254 690 1320 Attamen
709 1255 781 1347 quis
795 1265 845 1322 est
860 1254 917 1348 qui
935 1251 1081 1336 homini,
1096 1249 1138 1320 de
1154 1251 1255 1320 Poeta
1268 1247 1334 1320 rness

267 1357 421 1427 ritissimo
429 1356 597 1478 ‚palmam
617 1357 755 1453 eripiat?

318 1465 591 1558 Nonnunquam'
582 1487 652 1559 ipse
671 1489 733 1560 ego
749 1464 921 1586 amplexus
937 1490 1027 1549 sum,
1045 1465 1073 1534 si
1091 1488 1165 1560 quae
1178 1461 1332 1532 meliores

265 1569 467 1658 viderentur,
488 1569 695 1641 Bentleianas
719 1574 926 1643 mutationes.
946 1573 1174 1640 Veruntamen
1201 1595 1246 1638 ne
1271 1568 1334 1638 soli

265 1675 415 1746 Rentleio
446 1676 664 1766 adhaererem,
686 1676 767 1748 alios
791 1680 1010 1773 circumspexi
1037 1677 1201 1762 editores3
1229 1689 1335 1770 utque

266 1781 359 1852 basin
378 1781 527 1853 lectionis
551 1783 632 1852 mihi
658 1785 901 1854 substernerem
926 1807 1143 1880 poneremve,
1162 1780 1334 1852 codicibus

266 1913 307 1957 ex
321 1903 416 1984 parte
429 1914 508 1958 usus
522 1914 594 1958 sum
610 1903 678 1959 tam
692 1889 815 1980 aliena,
828 1915 926 1986 qnam
937 1914 1010 1959 mea
1028 1891 1131 1984 ipsius
1147 1912 1249 1983 opera
1262 1886 1333 1957 col·

265 1991 350 2066 latis.
368 1994 515 2066 Collatos
536 1997 624 2065 enim
645 2011 883 2092 excerptosque
902 1995 1072 2082 consului,
1089 2009 1252 2090 quatenus
1269 2017 1333 2063 va-

266 2101 415 2171 rietatem
423 2101 574 2172 lectionis
584 2103 818 2200 investigarem
828 2157 838 2192 ‚
849 2105 973 2172 Msstos
985 2100 1117 2171 Italicos
1132 2101 1174 2169 ab
1188 2102 1214 2168 F
1215 2125 1334 2186 aerno,

265 2205 467 2303 Anglicanos
488 2233 508 2276 a
530 2207 696 2296 Bentleio;
720 2210 778 2304 qui
800 2211 833 2277 in
860 2207 969 2280 Gallia
990 2222 1117 2294 essent,
1137 2231 1157 2276 a
1184 2208 1330 2276 Mureto.

266 2315 381 2408 Neque
399 2317 552 2384 omittam
572 2313 736 2384 Palatinos
759 2339 780 2384 a
797 2318 902 2384 Pareo
916 2315 1095 2384 recensitos
1114 2327 1148 2382 et
1169 2335 1336 2407 compara·

267 2435 337 2506 tos;
354 2435 413 2489 aut
428 2420 651 2490 Westerbovii
671 2420 837 2515 Belgicae,
855 2423 941 2491 inter
959 2447 1042 2516 quos
1058 2417 1234 2491 leidenses
1252 2419 1336 2487 emi-

267 2540 365 2615 nent;
384 2525 572 2596 Editionem
596 2528 713 2622 saepius
733 2529 763 2595 ei
780 2525 947 2597 laudatam
966 2527 1008 2596 de
1030 2549 1118 2595 anno
1146 2522 1263 2618 1469;
1277 2539 1336 2594 aut

267 2631 427 2727 denique,
442 2634 468 2702 si
483 2635 539 2727 qui
558 2633 702 2722 fuerint,
716 2635 949 2720 Germanicos,
968 2657 988 2702 a
1006 2635 1048 2702 G.
1063 2645 1097 2701 et
1112 2633 1165 2699 Fr.
1178 2629 1335 2700 Fabriciis

267 2737 404 2833 aliisque
421 2738 598 2810 consultos.
613 2744 658 2808 At
670 2727 754 2834 quos
773 2741 843 2836 ipse
858 2740 922 2810 adii
935 2737 1065 2810 codices
1080 2751 1179 2832 atque
1192 2737 1336 2831 inspexi,

268 2847 417 2916 Gothani
439 2861 517 2916 sunt
535 2844 622 2933 duo,
641 2871 727 2916 unus
749 2847 1002 2934 membraneus,
1020 2846 1214 2916 chartaceus
1233 2840 1335 2927 alter3

268 2977 411 3046 quorum
440 2966 618 3046 utrumque
638 2955 751 3048 accepi
774 2953 936 3023 beneficio
962 2951 1081 3023 Ukerti
1109 2951 1335 3020 humanissimi

267 3059 331 3128 viri
342 3083 382 3127 ex
393 3059 556 3128 thesauris
572 3057 711 3130 librariis
725 3061 880 3130 Sereniss.
894 3061 998 3128 Ducis
1008 3057 1096 3128 ultro
1108 3057 1189 3125 mihi
1196 3054 1336 3142 oblatos,

321 3165 494 3235 Accedunt
515 3164 769 3260 Guelferbytani
791 3181 945 3260 quatuor,
961 3165 1003 3233 de
1017 3162 1243 3260 quibusinfra.

321 3272 381 3341 His
393 3271 480 3341 addo
494 3270 651 3342 lectiones
666 3272 811 3342 ecodice
826 3269 956 3342 lenensi
968 3325 977 3358 ‚
988 3273 1142 3340 Romano
1153 3293 1192 3338 ac
1206 3271 1337 3338 Veneto

268 3378 476 3478 desumptas,
491 3403 573 3472 quas
587 3379 752 3450 variantes
765 3380 907 3448 Bachr'us
927 3376 1095 3447 familiaris
1113 3374 1254 3470 benigne
1268 3399 1337 3444 rne-

268 3509 346 3554 cum
365 3487 631 3582 communicavit.
662 3475 664 3480 ’

323 3590 389 3661 Sed
414 3591 514 3662 redeo
541 3591 584 3661 ad
609 3594 791 3679 Faemum,
808 3593 865 3685 qui
896 3593 1000 3662 textui
1023 3616 1083 3662 suo
1113 3585 1338 3684 comparando

270 3696 390 3766 librum
425 3697 608 3768 substruxit
629 3697 912 3791 antiquissimum,
928 3711 1048 3793 praeter
1068 3721 1167 3791 quem
1188 3692 1340 3762 adhibuit

270 3805 369 3874 etiam
388 3804 836 3890 basilicanum,Vaticanum
851 3817 950 3899 atque
962 3803 1170 3874 Bembinum.
1186 3803 1339 3868 DeBem·

269 3911 349 3981 bino
368 3925 478 3980 autem
497 3910 600 3996 libro,
616 3909 710 4003 cujus
728 3925 820 3980 tanta
836 3925 870 3980 et
895 3911 984 4006 apud
1003 3908 1186 3979 Bentleium
1204 3920 1255 3976 est
1275 3929 1338 3973 au-

270 4018 425 4108 ctoritas,
437 4018 625 4086 notavimus
644 4019 678 4085 in
697 4016 859 4112 Catalogo
880 4019 1079 4100 editionum,
1101 4014 1157 4084 ubi
1173 4013 1335 4083 videatur.
