2968 4856
278 377 353 449 288
510 375 687 443 PUBLII
715 373 968 444 TERENTII
996 375 1117 446 AFRI

275 511 381 580 Nobis
403 505 492 578 dedit
511 530 555 576 se.
571 507 686 578 Pium.
704 509 828 578 Fratris
845 509 947 602 igitur
961 507 1061 577 Thais
1080 523 1151 578 tota
1166 507 1216 578 ’st
1233 511 1357 580 Cremu.

438 611 581 683 Scilicet.

278 727 394 794 Pium.
415 723 488 789 Jam
505 719 571 788 hoe
592 718 682 789 aliud
702 735 769 808 est,
785 719 876 815 quod
894 719 1120 814 gaudeamus:
1146 719 1242 791 miles
1262 721 1358 816 pelli·

439 842 494 896 tur
509 825 609 895 foras.
1308 859 1361 900 ,ψ

280 935 495 1006 GummTum
513 947 567 1019 tu,
582 933 684 1002 frater
702 933 759 1000 ubi
777 933 835 1001 ubi
850 946 917 1018 est,
929 931 982 1001 fac
1000 957 1101 1028 quam
1119 935 1267 1029 primum
1284 934 1359 1004 haee

440 1039 561 1108 audiat.
577 1042 692 1109 Peme.
708 1041 822 1108 Visam
839 1038 987 1107 domum.

247 1157 248 1164 ’
280 1151 411 1219 Trmts.
432 1144 617 1239 Numquid,
639 1145 795 1234 Gnatho,
811 1144 961 1232 dubitas,
979 1147 1060 1240 quin
1078 1173 1142 1241 ego
1165 1171 1257 1216 nuno
1280 1171 1358 1241 per·

440 1267 541 1347 petuo
559 1251 734 1344 perierim?

283 1365 425 1432 Grmru.
448 1360 526 1427 Siue
546 1357 668 1442 dubio,
688 1360 817 1452 opinor.
838 1361 957 1430 Curuo.
980 1358 1073 1447 Quid
1093 1383 1359 1428 commemorem

441 1466 604 1559 primum,
626 1479 684 1533 aut
703 1463 833 1534 laudem
852 1463 1029 1533 maxume?

210 1566 214 1573 ’
281 1570 442 1642 Illumne?
462 1572 530 1659 Qui
547 1569 629 1638 mihi
646 1570 821 1640 consilium
838 1570 946 1658 dedit,
975 1586 1014 1640 ut
1044 1571 1208 1660 faeerem3
1232 1596 1277 1640 an
1304 1595 1359 1640 me

442 1679 499 1771 qui
520 1701 618 1746 ausus
638 1678 697 1746 sim

278 1889 356 1960 fidem
365 1887 508 1942 dedebat·
521 1883 584 1939 Vid.
593 1886 696 1940 Caluio.
708 1887 795 1940 Lexic.
887 1893 969 1951 rodi.
981 1889 1006 1940 Τ
1003 1908 1019 1939 u
1028 1907 1079 1959 pro
1091 1901 1141 1941 tum
1150 1903 1177 1942 tu
1188 1889 1266 1942 Bent.
1276 1890 1358 1942 Zeun.

284 1971 343 2023 Jur.
360 1966 425 2021 Eud.
446 1969 529 2020 locut.
546 1967 600 2018 Cic.
618 1985 646 2037 p.
666 1968 743 2020 Rosc.
763 1967 794 2018 Α.
843 1965 923 2019 Both.
936 1961 965 2012 V
963 1971 1022 2019 isam
1035 1969 1138 2020 domm
1152 1967 1277 2022 Editores
1289 1970 1359 2022 bene

287 2051 340 2120 37,
352 2049 399 2102 ubi
412 2067 437 2102 v.
453 2049 554 2100 Ernest.
569 2047 634 2100 clav.
650 2045 715 2098 Pcrl.
844 2048 939 2106 multi,
952 2050 1000 2102 uis.
1016 2049 1091 2101 domi.
1105 2080 1145 2090 —
1161 2050 1242 2112 Tum,
1258 2051 1291 2101 lu
1315 2049 1361 2101 uti

330 2129 410 2199 1039.
420 2127 498 2180 Nobis
508 2127 575 2178 dedit
584 2146 617 2180 se.
631 2127 735 2180 Nostrae
747 2123 796 2178 do·
842 2145 931 2178 rerum
947 2139 1025 2182 statu.
1039 2159 1079 2170 -·
1092 2129 1182 2182 Frater
1200 2129 1261 2181 sub.
1284 2147 1358 2180 meus.

286 2211 344 2263 mui
359 2220 439 2262 totam
456 2225 483 2259 se
495 2205 610 2258 devovit.
622 2238 661 2247 -
677 2207 739 2258 Tota
752 2219 796 2258 est.
843 2239 883 2248 -
900 2206 948 2258 Ubi
960 2208 1008 2259 ubi.
1026 2207 1208 2280 Ubicumque.
1222 2240 1262 2251 —
1276 2207 1357 2270 Hoec,

286 2292 358 2343 Bene
371 2301 422 2340 toto
437 2307 446 2339 :
463 2299 491 2340 ut
505 2305 539 2339 ne
553 2305 586 2338 ex
600 2299 673 2356 parte
688 2283 798 2356 quidem
843 2304 901 2356 qum
923 2285 1003 2346 modo
1019 2290 1130 2341 narravi.
1150 2319 1191 2330 -
1211 2288 1298 2338 Visam
1315 2289 1359 2339 do·

286 2371 321 2423 sit
337 2369 436 2421 militie.
452 2366 570 2418 Donatus.
588 2395 628 2406 -
642 2365 741 2417 Mirum
755 2365 796 2417 vi·
843 2385 913 2418 mum.
940 2392 951 2413 ι
963 2367 1012 2418 Ibo
1027 2364 1154 2429 domum,
1171 2367 1279 2420 visurus
1292 2385 1359 2420 num

187 2481 191 2490 ·
286 2447 345 2502 deri
366 2447 480 2520 poterit,
499 2443 571 2516 quod
596 2458 671 2514 pater
689 2464 748 2497 eum
769 2444 797 2496 in
843 2445 882 2498 ibi
903 2447 967 2498 sit·
990 2445 1074 2500 Simul
1091 2448 1145 2500 abit
1160 2447 1304 2501 Parmeno.
1321 2478 1360 2490 -

285 2526 436 2600 patrocinio
473 2522 597 2578 admittat
633 2525 797 2576 meretricem
843 2525 1016 2595 Perpetemln
1031 2544 1111 2580 omne
1129 2539 1282 2598 posterum,
1303 2527 1360 2580 eine

288 2627 368 2680 quum
381 2606 451 2658 lilius
465 2617 550 2668 umat3
566 2603 601 2655 ita
615 2617 645 2656 ut
659 2604 798 2674 illegitimo
843 2605 897 2657 ulle
907 2624 962 2676 spe.

289 2688 429 2740 amborum
439 2685 523 2736 emori
537 2683 682 2736 faciliorem
695 2684 731 2736 sic
744 2684 799 2753 ipse
887 2691 971 2747 rode.
987 2685 1100 2738 Dubitas.
1115 2686 1194 2738 Both.
1212 2697 1238 2738 tu
1251 2687 1357 2740 dubites.

288 2769 376 2820 locum
388 2765 459 2818 ultro
467 2764 588 2832 prebeat.
601 2761 653 2816 Sed
665 2763 722 2816 heo
733 2763 800 2816 esti·
843 2797 882 2808 -
898 2765 965 2834 Quin
985 2783 1029 2834 ego
1047 2785 1118 2820 mmc.
1133 2764 1252 2831 Quidem
1269 2765 1360 2820 delent

288 2846 355 2900 mari
379 2863 439 2896 eane
461 2841 558 2896 debent
577 2861 631 2896 non
653 2861 686 2894 ex
702 2843 800 2895 nostrie
843 2864 913 2896 nunc.
928 2868 969 2878 -
985 2846 1055 2898 Cum
1075 2863 1140 2898 voce
1160 2849 1210 2898 siue
1228 2846 1360 2899 claudunt

287 2925 422 2986 moribus,
435 2921 480 2976 sed
494 2941 509 2974 e
523 2920 715 2974 cousuetudine
729 2935 799 2974 vete·
844 2942 949 2977 versum
965 2930 1036 2986 1042
1054 2925 1151 2996 Delph.
1173 2937 1200 2978 et
1216 2925 1278 2996 Bip.
1302 2925 1359 2979 edi·

288 3017 396 3068 rum‚et
406 3003 444 3055 ibi
454 3002 668 3066 Atheniensium
678 3001 799 3054 ubieivie
844 3015 923 3057 toret.
936 3034 975 3046 -
990 3005 1120 3066 Perierum,
1138 3003 1172 3058 de
1188 3023 1248 3058 meo
1270 3024 1360 3059 emon

288 3096 393 3156 poterut
413 3083 469 3136 sine
496 3081 596 3153 probro
624 3081 799 3134 meretriciam
844 3097 929 3136 actum
946 3083 1003 3138 erit.

288 3161 508 3218 consuetudinem
533 3179 594 3213 curu
615 3161 726 3214 muliere
746 3181 799 3214 uua
888 3163 1145 3224 rotumum.
1157 3164 1255 3236 Delph.
1267 3165 1357 3228 etalii,

287 3245 402 3308 hebere,
415 3239 496 3294 modo
507 3259 562 3293 non
578 3254 642 3294 esset
654 3241 734 3306 civis,
751 3259 800 3294 nec
844 3255 887 3294 aut
909 3261 977 3313 quem
998 3244 1099 3297 laudem.
1121 3275 1162 3288 -
1184 3243 1244 3297 Siue
1267 3244 1360 3310 dubio,

290 3326 384 3378 Attice.
396 3353 436 3365 -
445 3321 555 3384 Scilicet,
564 3321 603 3373 Ita
615 3334 669 3384 est,
682 3332 711 3373 ut
723 3319 799 3374 dicis.
843 3325 935 3394 opinor.
951 3323 991 3376 Iu
1004 3324 1139 3378 cousuevit
1154 3325 1289 3378 Parasitus
1308 3325 1358 3376 mi-

333 3409 413 3468 1040.
434 3402 507 3454 Miles
521 3401 579 3472 pell.
592 3403 672 3468 saras.
690 3401 748 3454 Per.
767 3419 799 3453 ex
843 3401 885 3456 liti
898 3402 927 3454 in
938 3421 967 3455 re
980 3403 1096 3473 qualibet
1109 3404 1247 3469 msentiri3
1261 3416 1308 3467 ut,
1318 3403 1359 3456 vel

289 3483 396 3538 duobus
413 3481 489 3534 MSS.
505 3481 585 3546 citat,
600 3485 657 3553 quia
675 3482 723 3534 rull.
739 3480 798 3550 pell.
845 3501 871 3534 ee
887 3484 986 3535 victum
1003 3482 1110 3536 fetentis
1125 3485 1284 3536 seutentiam
1302 3501 1359 3536 am·

285 3569 365 3631 joras.
387 3595 423 3606 -
440 3563 552 3614 Pellitur.
570 3562 617 3613 Br.
636 3561 696 3632 Bip.
720 3559 798 3614 Botlr.
844 3563 996 3633 plectetur;
1014 3576 1040 3616 et
1063 3560 1130 3615 illud
1151 3564 1287 3616 comicum
1315 3575 1354 3616 est

285 3645 397 3716 pelletur.
413 3671 452 3683 -
466 3642 523 3693 Jam
544 3642 587 3692 hoc
602 3641 671 3696 aliud
682 3652 733 3705 est,
748 3653 799 3694 etc.
845 3641 920 3712 quod
932 3642 1005 3695 malit
1017 3642 1146 3696 sincerior
1158 3641 1259 3706 videri,
1276 3661 1360 3714 quam

288 3725 330 3778 Ex
342 3743 374 3776 eo
384 3720 456 3794 quod
469 3721 537 3776 dixit
549 3721 656 3774 Chaerea
668 3719 799 3774 Thaidem
845 3741 900 3775 nou
914 3723 942 3775 in
956 3724 1079 3776 omnibus
1092 3721 1170 3775 militi
1184 3719 1286 3775 dicenti
1302 3739 1361 3774 mo·

290 3815 372 3856 totam
384 3821 438 3856 esse
449 3800 591 3867 Phaedria,
603 3819 705 3862 servus,
721 3801 800 3852 etiem
845 3820 902 3855 rem
915 3821 1016 3872 gerere.
1032 3835 1071 3845 -
1088 3802 1157 3873 Quid
1168 3821 1359 3863 commemorent,

288 3902 344 3936 nou
360 3895 466 3954 experte
484 3880 608 3946 edoctus,
624 3880 725 3950 colligit
739 3880 799 3932 nul·
846 3893 895 3934 eto.
913 3881 1006 3936 Soeum
1018 3883 1137 3954 loquitur
1149 3884 1220 3935 solue
1235 3881 1362 3948 Chaerea,

288 3962 344 4015 lum
358 3962 412 4032 jum
428 3961 484 4014 l'ore
505 3963 594 4014 locum
613 3960 760 4025 Thrasoni;
774 3972 800 4012 et
847 3961 998 4016 felicitatem
1011 3963 1062 4016 ribi
1075 3960 1298 4034 gratulabundus.

289 4041 413 4116 estquod
425 4037 796 4106 dicit.-Feras,aTheide.
884 4043 1180 4107 1044.Illumuc.llem.
1206 4043 1252 4098 Br.
1277 4043 1358 4096 Illum.
