3014 4860
363 423 553 492 HEAU'l'.
579 424 686 492 ACT.
714 424 797 510 111,
826 424 893 491 SC.
918 424 985 491 tv.
1135 419 1207 518 395

420 651 621 742 serus
653 651 927 766 Quium
978 769 981 778 ⁴

471 865 695 934 CHREMES.
722 865 876 934 SYRUS.

196 1073 278 1141 Sru·
311 1068 450 1139 Censen’
473 1069 582 1140 vero?
614 1070 705 1160 Quid
728 1070 821 1141 illum
843 1095 944 1164 porro
966 1071 1072 1142 credis
1101 1072 1202 1143 fuctu-

303 1199 395 1264 rum,
414 1177 577 1260 Chreme,

142 1283 214 1352 Nisi
234 1305 330 1369 eum,
351 1297 512 1376 quantum
532 1282 591 1353 tibi
624 1279 698 1378 'opis
717 1283 763 1351 Di
780 1282 877 1370 dont,
895 1306 1023 1370 servas,
1047 1286 1206 1380 castigas,

299 1385 437 1458 monesi

140 1497 229 1563 Curi.
252 1495 325 1587 Ego
345 1495 430 1563 istuc
452 1494 585 1565 curobo.
606 1497 686 1564 Sru.
710 1497 812 1590 Atqui
831 1519 940 1582 nunc,
958 1495 1054 1582 here,
1070 1495 1128 1564 hic
1146 1495 1205 1564 tibi

297 1599 519 1671 adservendus
537 1615 595 1670 est.

139 1706 228 1772 Criu.
254 1705 334 1772 Fiet.
358 1708 437 1775 Srrt.
458 1708 492 1774 Si
514 1709 629 1801 sapies.
651 1706 738 1776 Nam
759 1706 840 1775 mihi
856 1708 922 1800 jam
949 1709 1056 1776 minus
1078 1708 1202 1776 minus-

297 1836 360 1905 que
382 1812 597 1906 obtemperat.

138 1916 342 2004 Cuu.·Quid
363 1915 423 1986 tul
442 1918 571 2013 Ecquid
592 1917 634 1988 de
655 1916 727 2002 illo,
746 1917 835 2012 quod
857 1917 983 1986 dudum
1005 1933 1113 1986 tecum
1135 1920 1203 2011 egi,

239 2045 242 2053 ·
296 2023 409 2117 egisti,
425 2025 595 2118 Syre,aut
987 2067 992 2074 ·
1159 2051 1199 2104 ⁵9⁵

137 2127 347 2222 Repperisti,
365 2129 425 2197 tibi
448 2129 538 2223 quod
562 2127 709 2224 placeat,
732 2153 775 2197 un
798 2127 947 2200 nondum
976 2125 1096 2202 ctiam?
1120 2129 1201 2198 Srrt.

295 2231 338 2301 de
355 2233 482 2303 fallacia
552 2295 556 2302 .

137 2335 252 2404 Dicis?
270 2353 320 2406 est
335 2364 341 2406 :
357 2341 467 2422 inveni
482 2365 589 2435 nuper
607 2339 793 2434 quamdam.
813 2342 903 2409 Curi.
921 2339 1021 2434 Frugi
1043 2365 1086 2408 es.
1105 2339 1198 2409 Cedo

297 2443 464 2538 quidest?

178 2629 245 2696 591.
278 2629 461 2683 Cemeu'verot’
482 2631 544 2684 Huc
565 2629 643 2686 Cliti·
689 2630 734 2684 cis.
748 2658 789 2676 -ι
803 2629 992 2693 Adservaodus,
1007 2629 1196 2684 observandus.

136 2708 221 2778 phoui
238 2708 333 2762 tribuit
349 2709 420 2781 Guy.
443 2708 545 2763 Laudat
563 2711 641 2762 Boeel.
729 2707 796 2777 594.
811 2707 842 2761 Si
852 2713 942 2779 rapias.
957 2708 1021 2762 Mu.
1035 2723 1061 2762 et
1074 2709 1196 2776 impressi

136 2785 245 2857 quando
269 2788 385 2858 ιίρωνυιὸν
410 2789 498 2842 fuerit.
512 2789 645 2844 Videntur
688 2787 796 2860 quidam
814 2801 930 2854 veteres,
944 2793 966 2842 si
985 2792 1058 2859 sapis.
1076 2821 1116 2832 -
1132 2790 1199 2842 Mili

136 2865 223 2935 potius
242 2866 303 2936 Syri
320 2867 356 2921 ud
373 2869 539 2923 Chremetem
553 2869 642 2922 verbu.
682 2870 736 2938 jam
760 2870 836 2921 miuus
862 2871 981 2940 auumque
1006 2868 1106 2939 obtemp.
1134 2867 1196 2922 Nou

137 2945 221 2998 West.
246 2946 305 2999 Hoc
328 2963 405 3001 versu
424 2966 520 3002 norem
540 2966 643 3002 scenam
686 2946 776 3019 inepte
795 2948 859 3002 binc
881 2948 954 3018 urgui
978 2960 1077 3018 potest,
1099 2946 1197 3020 Syrum

134 3023 229 3094 incipit
245 3025 306 3097 Bip.
316 3057 357 3070 -
370 3027 538 3080 Cemm'oero.
555 3027 642 3086 Fumi·
686 3025 861 3100 pedagogum
875 3027 955 3080 fuisse
970 3025 1139 3099 Clitiphonis.

135 3102 245 3156 miliari·
267 3105 450 3175 compellatio,
463 3105 537 3176 queri
556 3105 648 3172 dieat:
729 3105 795 3176 595.
816 3107 892 3175 Quod
907 3105 966 3159 dud.
983 3117 1025 3160 tec.
1042 3111 1095 3176 egi,
1111 3111 1197 3176 egisti,

139 3183 242 3253 mugitu
251 3181 347 3238 modol
361 3184 460 3240 Hocue
469 3183 642 3244 credidisses?
687 3198 736 3240 eto.
750 3183 847 3239 Putidu
858 3185 954 3252 Botlrio
969 3184 1075 3240 ridetur
1087 3186 1143 3238 broc
1158 3186 1196 3238 le·

135 3261 224 3326 Quam
234 3263 441 3334 inexspectatum
450 3263 502 3317 boc
514 3263 638 3318 reciditl·
685 3265 755 3331 θεῖος
768 3278 794 3317 et
806 3264 888 3336 igitur
900 3263 979 3335 legit,
988 3265 1053 3333 quod
1063 3264 1121 3316 dud.
1135 3277 1196 3327 tec,

134 3371 173 3381 -
184 3341 219 3394 Et
227 3341 412 3404 subblanditur
430 3341 540 3396 domiuo
553 3362 642 3398 rervm
685 3348 757 3414 egisti
771 3347 855 3409 etiam,
868 3344 942 3416 Syre,
958 3356 1010 3396 aut.
1017 3376 1058 3389 -
1068 3343 1137 3412 Quid
1147 3335 1195 3394 tu?

132 3439 182 3490 per
194 3421 362 3492 obsequium.
371 3422 512 3486 —Porro,
524 3434 622 3492 posteo.
686 3421 773 3488 Beue,
786 3435 876 3476 amoto
887 3422 960 3488 filio,
982 3421 1015 3474 de
1025 3421 1128 3474 saltreia
1138 3439 1198 3492 erga

174 3499 241 3570 592.
258 3502 381 3570 Quantum
395 3501 440 3554 tibi
455 3504 507 3571 opis
525 3499 641 3554 Didaut.
686 3499 873 3555 Menedemum
895 3501 1019 3570 exquirit.
1044 3501 1130 3570 Calpi.
1152 3530 1193 3541 -

131 3579 289 3651 Disponitur
301 3581 329 3632 iu
343 3580 420 3647 eliis,
434 3593 517 3653 quatit.
534 3580 561 3632 da·
576 3581 600 3633 d.
622 3594 641 3633 t.
685 3581 786 3654 Ecquid
800 3584 879 3652 egisti.
898 3580 981 3644 Quasi
996 3592 1075 3644 esset,
1093 3582 1193 3649 egistius

132 3679 172 3730 op.
181 3691 222 3702 --
232 3659 286 3714 Pro
297 3661 371 3727 dant,
380 3661 468 3714 Guelf.
481 3677 511 3721 1,
526 3660 590 3713 deut.
601 3691 641 3702 -
686 3660 786 3731 aliquid.
805 3690 844 3702 —
859 3659 935 3729 Quod
945 3659 1033 3710 dadum
1052 3669 1126 3712 tecum
1143 3663 1190 3728 egi.

133 3739 205 3808 Opis.
236 3739 388 3800 Facultutim
411 3739 582 3794 ructorimtis.
602 3771 641 3783 --
685 3738 756 3792 Vide
769 3758 848 3811 supm
862 3737 933 3803 533,
946 3757 1004 3809 sqq.

131 3817 378 3883 Servas,0btervas.
728 3818 792 3888 596.
817 3820 861 3872 Aa
883 3817 991 3886 nondum·
1006 3821 1101 3870 etiamr’
1127 3817 1192 3870 Vult

173 3897 241 3967 593.
258 3899 439 3952 Adservandm.
453 3899 515 3954 Mos.
533 3897 641 3970 quidum
685 3898 757 3971 Guy.
769 3918 802 3950 on
816 3917 863 3950 non
873 3892 968 3949 etium:²

129 3978 298 4031 observandem.
335 3977 406 4043 Alii,
426 3979 574 4038 mmmdcc:
600 3992 641 4046 et,
727 3979 793 4048 597.
815 3971 907 4030 Dicis?
920 3989 963 4029 est.
981 3976 1034 4029 Pro
1056 3989 1092 4028 est
1111 3977 1138 4028 in
1160 3977 1192 4028 al.

130 4059 202 4126 ltere,
214 4057 256 4110 ibi.
267 4059 355 4114 West.
370 4091 409 4103 -
419 4059 499 4122 Istuc,
514 4057 587 4130 quod
600 4057 642 4112 di·
685 4057 751 4124 libb.
767 4058 836 4123 dem3
855 4057 884 4110 iu
900 4057 934 4111 el.
951 4069 988 4121 st,
1006 4069 1067 4110 uoto
1088 4051 1194 4111 silentii.
