3014 4872
556 391 800 461 PERLETI.
1166 416 1214 468 xv

137 526 337 598 humanitati
356 525 501 620 Langen'
518 522 609 594 ultro
633 523 715 594 mihi
740 521 1000 619 superaddentis.
1023 523 1083 595 Ille
1099 525 1211 598 autem

139 635 225 704 liber
240 649 289 703 est
300 630 461 702 collectio
480 629 683 700 scholiorum
703 633 738 700 in
752 630 835 702 alios
852 646 1000 724 quoque,
1019 647 1139 726 praeter
1151 632 1210 704 Te

139 742 300 829 rentium,
310 752 471 815 auctores.
483 738 568 826 Quae
583 736 718 832 quidem
736 735 861 807 scholia
873 735 968 824 inde,
978 753 1138 832 quantum
1150 763 1212 837 per

138 846 371 918 difficultatem
402 846 574 940 scripturae
596 843 729 929 liceret,
750 845 786 912 in
811 841 1082 914 commoditatem
1102 871 1211 916 meam

139 954 310 1048 desumpsi
331 966 364 1021 et
385 951 534 1034 adhibui,
550 949 742 1045 hujusmodi
766 963 862 1038 sunt,
885 963 941 1037 ut,
960 952 1087 1021 etiarnsi
1104 949 1211 1022 multo

142 1060 263 1130 sudore
277 1057 481 1130 enucleanda
500 1072 626 1146 essent,
643 1071 753 1154 operae
770 1067 882 1126 tamen
893 1057 1055 1151 impensae
1074 1059 1211 1128 minime

141 1167 328 1262 poeniteret.

194 1277 338 1342 Tantum
349 1271 391 1340 de
400 1270 581 1357 codicibus,
589 1292 672 1366 quos
681 1270 751 1365 ipse
763 1270 798 1338 in
809 1271 966 1366 promptu
980 1267 1082 1339 habui
1092 1269 1201 1340 adeun

142 1380 212 1449 dos.
229 1383 282 1448 Ex
301 1379 353 1448 his
373 1389 454 1447 vero
473 1380 673 1473 comparatis
694 1391 854 1472 quantum
872 1376 1000 1446 fructus
1017 1377 1051 1446 in
1065 1376 1210 1447 studium

142 1487 289 1554 Terentii
306 1483 516 1554 evehendum
536 1486 747 1580 provenerit,
765 1479 798 1552 id
814 1506 911 1578 spero
928 1482 970 1552 ab
979 1481 1049 1552 aliis
1059 1491 1211 1580 quoquc,

142 1607 262 1687 praeter
284 1617 359 1678 me,
379 1593 563 1685 gratissime
584 1591 624 1660 iri
643 1589 919 1660 animadversum.

195 1699 297 1787 Quod
318 1699 625 1793 interpretationem
644 1699 778 1783 attinet,
793 1699 1033 1767 commentario
1049 1711 1211 1792 perpetuo

140 1806 271 1875 confeci
290 1829 386 1894 eam,
404 1829 471 1899 qua
482 1829 549 1874 non
561 1804 669 1876 solum
682 1804 734 1874 his
747 1801 957 1890 hominibus,
975 1805 1031 1898 qui
1043 1803 1133 1899 plus,
1152 1803 1211 1874 sed

142 1912 242 1980 etiarn
261 1910 341 1996 illis,
360 1913 417 2007 qui
435 1913 544 1982 minus
568 1909 809 1996 desiderarent,
831 1907 1019 1980 consultum
1046 1913 1208 2006 putare'm.

142 2019 230 2086 Nam
249 2019 276 2087 si
294 2018 376 2112 quid
396 2019 480 2088 scire
493 2042 578 2112 opus
594 2031 694 2102 essct,
712 2016 876 2086 malebam
894 2016 965 2108 ejus
979 2019 1026 2085 rei
1042 2016 1210 2111 explicate

142 2122 380 2193 abundantiam
395 2124 528 2212 adesse,
546 2149 646 2220 quam
656 2125 839 2218 penuriam.
850 2119 923 2191 Nec
939 2137 1032 2208 sunt,
1045 2125 1102 2217 qui
1114 2123 1210 2193 nobis

142 2229 382 2299 adhiberentur
405 2229 470 2300 loci
491 2231 673 2316 innumeri,
694 2255 777 2326 quos
808 2226 982 2324 parallelos
1004 2228 1134 2306 dicunt,
1163 2255 1211 2298 os

142 2338 334 2405 tentationis
352 2359 452 2407 causa
470 2335 579 2406 adlati.
602 2337 690 2408 Nam
715 2333 792 2404 inde
819 2336 968 2430 sequitur
988 2335 1085 2430 plane
1110 2331 1209 2405 aliud.

142 2443 256 2511 Primo
275 2446 362 2512 enim
388 2445 446 2538 qui
467 2445 612 2514 Terentii
637 2445 703 2512 sint
725 2442 827 2538 ipsius
850 2439 970 2512 similes
994 2441 1210 2528 accumulati,

143 2549 319 2618 ostendent
331 2551 425 2637 satis,
442 2573 542 2644 quam
560 2563 649 2618 recte
668 2573 707 2618 ac
727 2548 812 2617 bene
830 2549 931 2617 Poeta
949 2548 1010 2617 sibi
1028 2551 1096 2643 ipse
1117 2573 1209 2618 com·
1285 2576 1291 2591 ,

143 2657 252 2748 parari
273 2655 378 2724 soleat
401 2680 440 2725 ac
462 2658 658 2750 recognosci
682 2679 722 2725 er
743 2668 848 2724 semet
868 2655 950 2748 ipso.
973 2656 1040 2743 Qui
1067 2677 1211 2749 namque

142 2758 201 2828 tali
221 2761 322 2831 modo
349 2777 561 2858 comparatus
582 2761 657 2848 fiet,
679 2776 717 2831 ut
742 2761 893 2856 equidem
922 2763 1053 2855 opinor,
1084 2761 1212 2831 facilior

141 2867 238 2936 nobis
257 2868 300 2937 ad
317 2869 424 2962 ipsum
439 2865 698 2964 intelligendum.
713 2871 754 2936 In
771 2893 838 2962 quo
858 2881 948 2936 certe
963 2865 1112 2937 consistit
1130 2865 1212 2937 illud

142 2974 351 3043 Wakefieldii
368 2974 457 3072 apud
477 2977 653 3045 Britannos
669 2975 864 3070 primarium
885 2983 1088 3068 preceptum
1115 2974 1213 3044 inter-

142 3080 316 3174 pretandi,
337 3097 375 3150 ut
395 3097 565 3152 auctorem
587 3103 787 3176 quemquam
806 3069 1047 3174 cognoscamus
1069 3083 1212 3152 maxime

142 3211 185 3254 ex
205 3191 407 3283 semetipso.
429 3185 559 3258 Deinde
581 3191 608 3258 si
626 3212 698 3284 quae
720 3186 809 3256 dicta
826 3185 942 3256 similia
959 3206 1001 3255 ex
1022 3185 1093 3256 aliis
1110 3189 1211 3282 scrip·

143 3294 292 3380 toribus,
314 3307 353 3363 ut
373 3297 531 3383 Horatio,
549 3293 708 3391 Virgilio,
730 3293 873 3381 ovidio,
893 3295 1057 3363 Cicerone
1079 3295 1141 3363 etc.
1166 3295 1210 3366 af·

143 3399 295 3469 ferantur
312 3403 431 3496 petita,
458 3417 526 3470 noh
551 3401 730 3472 obscurum
758 3403 837 3488 erit,
856 3399 1017 3470 Nostrum
1041 3403 1211 3469 communi

132 3529 253 3593 ,aureae
263 3509 366 3577 aetatis
377 3510 426 3577 uti
438 3528 599 3578 sermone.
613 3507 833 3578 Dlstinc'tione
852 3506 1029 3577 verborum
1044 3529 1123 3576 usus
1135 3515 1208 3576 suin
1252 3527 1257 3545 ·

144 3636 202 3698 ea,
216 3637 283 3707 qua
300 3614 356 3684 hic
375 3610 441 3684 illic
452 3639 565 3684 sensus
580 3613 845 3685 commodissime
859 3614 1084 3686 extricaretur.
1102 3612 1209 3683 Enir'h·
1238 3675 1241 3683 .

144 3741 226 3788 vero
245 3744 331 3815 saepe
347 3720 401 3806 lit,
417 3735 455 3792 ut
472 3720 570 3792 lectio
583 3719 709 3817 aliqua,
730 3743 797 3815 quo
817 3721 939 3790 rectius
959 3722 1210 3816 accuratiusque

146 3822 379 3923 distinguatur,
401 3849 441 3897 eo
462 3827 588 3899 firmius
607 3853 647 3898 ac
666 3827 788 3897 certius
809 3828 914 3923 possit
930 3823 1077 3895 stahlliri.
1100 3829 1141 3895 ln
1161 3851 1211 3896 or·

146 3934 479 4030 thographia,lateor,
492 3933 595 4007 facilis
606 3935 664 4020 fui,
674 3957 777 4031 quum
787 3949 960 4029 tantopere
971 3951 1045 4003 eam
1055 3935 1089 4001 in
1097 3929 1210 4004 Msstls

146 4055 180 4110 ct
205 4038 415 4114 Editionihus
437 4040 565 4114 variare
596 4037 910 4114 animadvertissem.
937 4039 1054 4135 Neque
1081 4061 1211 4136 semper
