3014 4860
283 433 360 521 466
521 436 694 505 PUBLII
721 431 966 505 TERENTII
993 435 1109 504 AFRI
1222 434 1233 458 ⁸

280 566 396 638 Filiam
411 569 627 640 Phanocratae
641 571 756 641 nostri.
773 573 871 641 Gru.
886 568 1053 640 Rufamne
1071 567 1160 664 illam
1174 573 1354 668 virginem,

281 678 441 758 Caesium,
456 700 571 772 sparso
592 702 667 764 ore,
687 678 818 747 adunco
835 675 938 745 naso?
952 676 1031 746 Non
1051 701 1203 772 possum,
1223 696 1329 774 pater.

283 785 373 852 Cnn.
396 784 497 868 Heia,
517 797 556 853 ut
574 781 707 878 elegans
722 779 789 854 est!
807 782 934 852 Credas
951 785 1099 852 animum
1115 783 1162 852 ibi
1180 809 1260 856 esse.
1274 791 1348 859 Sos

440 887 547 958 Aliam
570 889 668 960 dabo.
1301 921 1350 960 mss

280 995 379 1064 Cur.
402 997 531 1082 Immo,
548 996 817 1092 quandoquidem
834 995 986 1066 ducenda
1004 1011 1071 1083 est,
1091 1014 1224 1092 egomet
1243 999 1350 1072 habeo

437 1102 681 1197 propemodum

279 1207 389 1292 Quam
417 1206 503 1277 volo.
529 1209 602 1279 Sos.
631 1212 732 1282 Nune
757 1209 876 1296 laudo,
900 1223 1008 1303 gnate.
1041 1211 1141 1280 Cnrr.
1169 1211 1350 1284 Archonidi

437 1315 537 1408 hujus
556 1311 668 1386 liliam.

277 1555 361 1607 liliam
379 1553 469 1607 neseio
489 1555 565 1625 cujus
579 1552 727 1607 admodum
750 1554 795 1606 lar·
837 1556 942 1605 animm
957 1551 992 1630 ibi
1008 1570 1065 1604 esse.
1084 1551 1178 1605 Plures
1198 1551 1350 1624 intelligunt

278 1633 349 1687 dam.
365 1635 446 1702 Euge.
462 1665 503 1676 —
520 1633 614 1703 Neque
632 1643 721 1686 tamen
738 1651 791 1704 pu·
835 1651 884 1704 per
898 1631 1148 1702 interrogationem,
1162 1645 1188 1684 et
1202 1633 1348 1702 explicant:

277 1711 391 1766 tandum
410 1725 464 1779 est,
479 1722 511 1764 ut
527 1710 638 1766 adnotat
661 1712 792 1784 exquisite
840 1734 850 1760 ι
862 1712 930 1777 Quis
941 1709 1033 1763 eredat
1045 1711 1122 1764 illum
1135 1710 1170 1764 ad
1186 1723 1229 1764 ets
1241 1731 1282 1766 res
1292 1715 1349 1766 ani·

276 1793 427 1850 Boeelerum
442 1803 555 1845 matrem
571 1791 693 1845 consulto
713 1793 792 1845 talem
835 1809 911 1844 mutu
923 1788 992 1844 adeo
1008 1788 1154 1844 advertere.
1169 1815 1181 1837 ·
1199 1791 1350 1845 Praetuleri-

276 1878 442 1938 nominasse,
463 1872 587 1944 quasilla
613 1871 792 1942 descriptione
835 1869 895 1924 nius
905 1885 1100 1942 sensumquem
1111 1870 1192 1923 offert
1202 1871 1304 1942 Auglus
1313 1875 1351 1926 in·

277 1951 386 2005 irrideri
402 1964 498 2024 posset.
514 1949 567 2004 Sed
582 1969 666 2022 quum
681 1951 726 2005 illa
741 1950 791 2003 ho·
836 1963 952 2023 terprea,
963 1971 974 1992 ¹
986 1949 1073 2002 Facile
1082 1967 1207 2020 agnoseaa
1217 1950 1306 2020 ipsum
1316 1952 1349 2006 ad

276 2044 405 2086 nestatem
425 2029 549 2094 familiai,
569 2029 675 2086 divitias
690 2043 717 2084 et
731 2030 792 2085 talia
834 2029 904 2083 hanc
917 2041 1001 2083 artem
1012 2029 1133 2083 animum
1145 2028 1280 2099 adjecisse.
1292 2057 1304 2078 ι
1316 2032 1348 2084 In

276 2125 407 2186 spectaret
426 2111 455 2164 in
479 2109 601 2182 eligenda
619 2109 792 2175 conditioue;
834 2129 890 2182 quo
904 2109 1012 2180 insuper
1025 2109 1093 2162 inest
1108 2109 1195 2162 ironia
1209 2109 1275 2164 huie
1288 2111 1348 2164 loeo

274 2190 443 2257 adolescens,
455 2209 507 2262 pro
527 2201 602 2244 atate
621 2209 651 2244 eo
668 2191 792 2262 ingenio,
835 2189 905 2243 bene
918 2201 988 2260 apta.

275 2271 370 2324 formu
378 2269 703 2342 primamsibiratiouem
716 2267 793 2322 ducit
878 2272 959 2323 1066.
985 2269 1070 2321 Immo.
1103 2269 1187 2322 Abest
1212 2268 1270 2323 hue
1295 2289 1346 2324 voa

274 2349 437 2404 habendam.
835 2349 925 2402 Guelf.
946 2369 973 2402 s.
992 2349 1045 2402 Pro
1065 2348 1180 2401 lectione
1199 2348 1250 2402 hac
1268 2367 1348 2421 quam

319 2429 401 2484 1063.
417 2429 490 2482 illum
505 2433 632 2500 virginera.
649 2431 711 2483 Vet.
728 2427 791 2483 eod.
834 2428 1111 2500 reoepimusexBent.
1121 2427 1348 2497 Bip.Perl.Both.

276 2527 325 2580 ap.
337 2508 418 2563 Lind.
432 2509 500 2562 utam
508 2509 623 2580 puellam.
634 2541 676 2552 --
686 2509 789 2573 Nostri,
834 2509 888 2562 Alii
902 2509 1007 2579 legunt,
1017 2508 1078 2580 quid
1084 2511 1146 2560 istit.
1157 2537 1198 2550 -
1208 2509 1294 2562 Immo.
1309 2509 1349 2562 Ita

274 2589 367 2643 vicini.
382 2621 423 2634 -
434 2589 555 2657 Rufamne
569 2589 653 2658 illam,
666 2601 716 2642 etc.
729 2589 790 2642 sub.
833 2589 916 2661 cupio
931 2588 1010 2641 aliam
1024 2585 1100 2652 dari,
1116 2599 1147 2641 ut
1158 2586 1287 2653 habeam,
1299 2602 1347 2642 ete.

275 2667 366 2721 dabis?
780 2692 787 2726 t
834 2668 991 2740 -Quande
999 2668 1095 2740 quidem
1105 2667 1266 2720 discendam.
1275 2667 1349 2732 Quo·

321 2752 407 2814 1064·
433 2749 667 2820 Cusiam,glsueis
691 2749 787 2815 oeulis;
832 2749 906 2801 niam
918 2766 1024 2801 necesse
1034 2760 1074 2800 est
1086 2765 1129 2800 me
1140 2765 1252 2800 uxorem
1267 2745 1348 2801 duoe-

277 2829 368 2902 quales
387 2840 464 2894 sunt,
476 2829 552 2882 verbi
571 2829 670 2900 gratia,
686 2829 788 2882 felibus.
833 2846 872 2881 re.
882 2857 923 2869 -
941 2829 1056 2897 Egomet.
1066 2827 1116 2880 Vis
1126 2825 1195 2880 ineat
1209 2825 1276 2880 huic
1289 2845 1349 2898 pro·

275 2941 317 2952 —
332 2907 423 2977 Sparso
441 2927 492 2960 ore.
512 2909 684 2980 Lentiginosa
708 2909 788 2974 faeie,
833 2907 947 2970 nomini,
956 2919 987 2960 ut
999 2924 1091 2960 seusus
1103 2906 1154 2958 sit:
1172 2922 1239 2976 sego
1252 2906 1345 2966 habeo,

273 2988 332 3054 vel,
357 2999 390 3040 ut
415 2986 460 3039 alii
483 2987 656 3059 intelligtmt,
679 3007 720 3040 ore
741 2989 791 3042 late
834 3005 915 3058 quam
927 2987 1065 3052 vol03uee
1079 2998 1154 3056 pater
1164 2985 1233 3038 mihi
1244 2983 1347 3038 dederit

275 3069 383 3121 diducto.
402 3066 564 3138 Quanquam
586 3078 676 3120 tamen
704 3081 790 3138 poste-
833 3065 1074 3120 aliam-..Habeo
1083 3063 1263 3136 propemodum.
1281 3063 1347 3116 Sue-

273 3149 332 3202 rior
348 3147 395 3200 hie
407 3163 499 3200 sensus
512 3146 608 3199 melius
621 3147 730 3200 lortmse
741 3147 788 3200 de·
833 3147 918 3200 currit
929 3143 1129 3218 propemodum
1137 3163 1168 3196 ea
1180 3143 1256 3214 virgo
1267 3161 1346 3214 quarn

274 3240 332 3282 eeat
342 3227 395 3280 hoe
406 3225 478 3285 loeo,
494 3239 525 3280 ut
538 3223 647 3279 adnotat
659 3225 789 3297 interpres
832 3226 895 3278 volo
910 3223 1018 3279 ducere.

273 3306 387 3379 gallicus
394 3303 788 3377 laemmier,quiarideturCli·
876 3310 956 3376 1067.
971 3305 1044 3358 Num
1057 3301 1138 3356 lurido.
1149 3303 1238 3358 West.
1252 3300 1295 3356 ed.
1309 3317 1346 3365 te,

273 3386 370 3458 tipho,
381 3386 533 3458 singulatim
544 3387 647 3439 loeutus
659 3383 694 3438 de
706 3385 788 3457 capil-
832 3384 909 3456 quod
922 3395 1082 3456 receperunt
1094 3381 1227 3434 nonnulli.
1239 3413 1281 3424 -
1292 3382 1345 3435 Ar·

273 3462 364 3531 lis,de
378 3466 477 3532 oculis,
491 3465 526 3520 de
541 3483 620 3531 uaso,
632 3484 689 3518 nou
700 3476 788 3518 toturn
832 3465 937 3518 chonids'.
954 3464 999 3518 Sic
1008 3463 1072 3517 citat
1084 3461 1245 3514 Priscianus.
1255 3462 1287 3513 ln
1296 3461 1344 3515 lib.

273 3547 391 3611 tultum,
398 3543 444 3597 sed
452 3546 549 3600 rictum
555 3545 610 3598 oris
617 3544 787 3598 solummodo
832 3545 917 3618 antiq.
928 3557 967 3598 eet
977 3541 1133 3596 Amtwntdt's.
1145 3541 1177 3592 In
1190 3541 1267 3594 Bent.
1276 3540 1342 3592 libb.

273 3625 342 3679 velle
351 3622 499 3696 designare.
508 3657 549 3670 -
559 3626 730 3696 Nonpmsm,
741 3645 787 3696 po·
831 3625 971 3678 Areonidis.
980 3619 1345 3690 Both.Arulsoaidrr.-Hujus

274 3717 319 3771 ter,
333 3704 392 3757 sub.
407 3723 459 3756 eam
471 3705 566 3760 dooere.
824 3703 915 3774 filium.
925 3705 987 3756 Vox
999 3703 1069 3772 hajm
1081 3719 1113 3753 ex
1132 3699 1180 3753 lib.
1199 3699 1292 3753 Bemb.
1304 3729 1344 3738 -

317 3783 623 3855 1065.Heia,utele3ens
634 3792 684 3838 est!
696 3784 785 3849 Quam
830 3785 904 3837 Nune
922 3783 1010 3847 Ιοοᾰο,
1021 3793 1105 3852 gnate·
1122 3775 1230 3832 Laudat
1243 3791 1342 3834 mater.

271 3863 392 3936 prudens
411 3875 450 3916 est
469 3863 498 3917 iu
518 3863 633 3918 delectu.
649 3863 786 3931 Qniddam
829 3882 962 3935 propensa
982 3860 1015 3915 ad
1030 3857 1240 3930 indulgentiam,
1258 3856 1343 3927 prius·

270 3943 383 3997 omnino
400 3942 487 3996 simile
502 3944 635 4016 reperitur
652 3945 681 3998 in
693 3946 786 3998 Eunu·
829 3961 911 4014 quam
924 3941 1071 4014 comperiat
1081 3957 1163 4011 quam
1172 3937 1246 3991 filius
1257 3935 1341 4005 elege-

271 4025 342 4088 cho,
358 4023 433 4076 ⁵66:
454 4023 560 4088 «Quum
572 4025 669 4096 elegunt
688 4024 785 4078 forma·
829 4023 864 4076 rit
881 4041 1002 4084 uxorem·
1019 4053 1060 4066 -
1078 4019 1174 4090 Hujus,
1195 4011 1339 4074 tittttttxt'tt»

270 4121 333 4158 rum
353 4103 604 4174 spectatorum..
626 4135 667 4150 -
691 4103 783 4160 credas
828 4102 911 4158 vieini
926 4101 1017 4158 nostri.
