3026 4862
360 437 544 506 aanor.
572 440 680 508 lor.
709 433 789 523 111,
816 414 884 505 s'c.
913 435 987 503 111.
1130 431 1202 522 393

21 589 35 628 -·
148 574 227 640 Sra.
250 568 342 659 Quid
361 569 432 639 istic
449 567 583 639 narrati
604 574 704 640 Cnrr.
723 563 826 637 Perii!
849 571 928 638 Sra.
950 565 1118 662 Clitipho,
1134 567 1205 638 haec

306 700 368 770 ego
389 677 544 771 praecipio
565 675 643 764 tibi,
1224 753 1227 758 ,

148 782 299 852 Hominis
328 781 414 876 frugi
450 779 484 851 et
513 783 727 878 temperantis
757 781 889 852 functus
914 778 1073 848 officium.
1104 783 1203 850 Cntr.

304 889 410 971 Tace,
429 888 534 958 sodes.
1170 913 1207 954 sa.

147 997 226 1064 Srn.
255 997 357 1064 Recte
384 1017 471 1063 sane.
500 997 589 1064 Cna.
618 997 716 1089 Syre,
742 992 845 1089 pudet
872 1016 935 1061 me.
964 993 1043 1061 Sra.
1072 991 1203 1075 Credo,

306 1124 412 1194 neque
434 1100 468 1169 id
488 1101 616 1195 injuria.

149 1207 239 1294 Quin
270 1204 351 1275 mihi
378 1205 552 1278 molestum
575 1203 626 1276 ’st
663 1209 761 1277 Cntr.
796 1201 947 1300 Pergin’?
977 1204 1059 1274 Srrr·
1087 1202 1207 1274 Hercle

306 1337 422 1381 verum
441 1312 532 1400 dico,
550 1313 640 1407 quod
659 1312 798 1384 videtur.
912 1392 922 1408 ·

148 1417 248 1488 Cmr.
272 1417 392 1486 Nonne
414 1418 569 1488 accedam
593 1419 636 1488 ad
657 1417 752 1490 illos?
772 1421 860 1489 Cur.
879 1415 971 1505 Eho,
989 1439 1121 1510 quaeso,
1140 1439 1207 1484 una

305 1523 485 1594 accedendi
503 1526 556 1594 via
570 1523 633 1595 ’sti

147 1727 205 1777 open
218 1719 267 1772 est,
280 1708 329 1762 obs.
343 1709 506 1763 -Nostrum
519 1722 554 1762 est
564 1711 653 1764 iutelli-
696 1707 870 1779 Interrumpit
889 1707 1025 1777 Clitipho,
1045 1723 1095 1758 nec
1113 1707 1205 1759 audire

145 1788 349 1860 gere..‚.obsequi.
363 1789 497 1858 Debemus
504 1791 654 1844 scireobae·
697 1789 754 1840 vult
773 1787 857 1858 ipsius
876 1787 1030 1849 consilium,
1047 1803 1101 1855 quo
1120 1785 1205 1838 velifi-

146 1865 654 1922 cundtreetinserrireoommodiealio·
696 1885 756 1920 ecre
779 1866 864 1919 voluit
883 1863 1007 1917 mandato
1027 1864 1122 1934 petris,
1142 1875 1171 1916 ut
1190 1883 1204 1916 e

146 1963 216 1999 rum.
228 1977 269 1991 -·-
283 1947 426 2019 Utcumque,
443 1965 494 2019 pro
503 1966 587 2001 re.-
598 1948 655 2000 Ubi-
697 1945 779 2000 domo
793 1944 980 2016 aliquantisper
991 1941 1146 1996 concederet
1158 1943 1205 1995 eli·

147 2045 258 2095 tumque,
274 2045 324 2096 pro
339 2039 468 2097 tempore.
697 2044 760 2097 quo.
773 2024 883 2078 Fumat.

188 2103 252 2173 ⁵79·
268 2105 389 2176 Proecr'pr‘o
400 2105 452 2158 tibi.
465 2107 529 2159 Post
540 2106 598 2159 huc
612 2105 654 2158 in·
739 2107 804 2160 aar.
826 2105 899 2156 Recte
921 2119 987 2154 sarie
1010 2101 1072 2154 Hec
1092 2099 1201 2170 quidam

148 2195 282 2254 terrogant
300 2183 376 2237 Bent.
396 2185 475 2238 Both.
494 2185 525 2236 Ζ.
541 2184 601 2256 Bip.
614 2217 654 2228 -
696 2185 797 2237 ironice
811 2182 958 2255 accipiunt,
976 2179 1044 2234 sicut
1061 2177 1150 2233 dicere
1166 2199 1206 2232 oo·

150 2263 219 2330 Quid
231 2266 284 2315 istiu
296 2257 403 2318 narrat?
419 2290 432 2312 ι
442 2261 562 2318 Audlane
575 2281 654 2335 quam
696 2263 796 2326 lemur,
809 2265 862 2314 heiu
877 2281 950 2324 vero,
963 2262 1036 2313 Recte
1044 2261 1153 2330 prosette
1169 2279 1204 2310 nte

148 2353 316 2395 rectenmet
329 2355 355 2396 et
365 2355 569 2397 temonoottuus
580 2357 655 2416 pater
694 2345 775 2409 fucere
788 2345 836 2395 orit.
851 2341 916 2406 Alii,
930 2351 992 2392 terte
1005 2359 1076 2402 tune,
1089 2338 1202 2410 seilicet,

148 2420 302 2475 Chremen.»
314 2421 378 2475 llaec
386 2422 470 2494 Syrus
479 2421 511 2476 ad
524 2424 656 2495 Clitipho·
695 2443 712 2478 a
722 2441 765 2475 me
779 2417 831 2485 (rel
843 2441 858 2476 a
870 2411 957 2494 patre)
971 2417 1072 2472 dictum
1083 2431 1135 2484 αις
1148 2437 1203 2470 me·

147 2517 218 2552 nem.
230 2531 270 2544 --
283 2501 354 2554 Male
369 2503 414 2554 alii
429 2500 463 2554 ad
474 2502 654 2575 Clitiphonem
681 2501 749 2555 'rito
770 2498 980 2574 reprehenderis.
1005 2499 1096 2552 Placet
1117 2497 1202 2567 prius.

146 2579 203 2632 haec
214 2591 313 2651 epatre
320 2579 374 2636 dici
382 2594 487 2652 putant,
496 2593 527 2634 nt
537 2584 579 2648 eit,
590 2599 654 2635 cum
696 2582 774 2643 Boeel.
793 2613 832 2624 -
851 2579 928 2654 Sym,
945 2578 1019 2650 pudet
1039 2597 1083 2630 me.
1103 2579 1204 2630 Immo·

147 2659 224 2712 vultu
237 2660 478 2730 ὑπωμιμνήσκοντοςε
488 2660 579 2726 audie,
589 2660 655 2732 qnid
697 2660 786 2714 destina
799 2673 825 2713 et
837 2658 1044 2730 intemperantia
1056 2656 1114 2710 filii.
1123 2655 1203 2719 -Id,

146 2737 204 2790 istic
214 2741 289 2810 lego,
299 2753 375 2810 peter
386 2737 462 2804 tuus)
473 2741 655 2796 narretlllur-
697 2759 733 2794 ec.
753 2738 827 2812 quod
845 2752 872 2793 te
888 2738 979 2811 pudet.
992 2767 1033 2778 -·-
1045 2737 1154 2806 lujuriu,
1174 2735 1204 2788 lit

147 2819 357 2890 auselii,Syrnm
366 2820 442 2892 loqni
453 2837 542 2873 secum
552 2821 655 2885 rolant,
696 2819 839 2874 immerito.

148 2898 223 2965 queri
244 2899 381 2952 timentem
403 2915 459 2953 anre
479 2900 596 2953 fallacie.
614 2932 654 2942 —
739 2899 804 2952 582.
819 2897 1022 2952 Distinctionem
1036 2911 1117 2965 quam
1132 2908 1203 2946 rece-

148 2976 211 3026 Hoec
226 2995 271 3046 ego
280 2980 394 3047 praecipuo
408 2979 459 3031 titi.
473 2977 549 3050 Saepe
562 2975 653 3032 endem
697 2979 784 3051 pimus
799 2977 924 3030 exhibent
936 2977 1011 3028 Bent.
1023 2974 1094 3027 Perl.
1109 2975 1144 3025 llt
1160 2973 1204 3026 Fa.

147 3053 205 3107 ltaeo
217 3067 242 3113 te
257 3073 363 3108 moneo.
563 3091 569 3098 -
698 3058 779 3110 etalii
792 3055 834 3109 ed.
849 3057 927 3110 Gerr.
937 3054 1126 3124 Pergin'loerele.
1138 3053 1203 3106 Sra.

190 3134 253 3188 580.
265 3135 352 3204 Fumat.
365 3133 478 3206 officium.
490 3137 550 3191 Par.
562 3157 590 3208 p.
597 3155 652 3194 ναν.
701 3131 805 3203 Verum
819 3147 868 3190 etc.
877 3165 916 3180 -
925 3135 992 3204 Quin
999 3173 1007 3197 ,
1022 3133 1107 3185 immo
1117 3132 1203 3184 etiem.

147 3215 180 3264 sir
189 3215 269 3281 suaet.
285 3213 374 3283 officio.
386 3245 426 3258 -
443 3210 528 3286 Frugi.
549 3218 603 3281 Qut
617 3232 655 3270 eet
697 3249 738 3260 -
749 3217 815 3269 Mitt
825 3217 944 3268 molestum
957 3225 1000 3266 est.
1015 3212 1090 3265 Hanc
1102 3211 1141 3264 tui
1154 3211 1202 3262 filii

146 3294 229 3348 utilio.
246 3323 288 3338 --
303 3296 329 3346 T
326 3296 481 3364 empernuta's,
504 3295 594 3366 probi.
615 3327 655 3341 -·
697 3295 926 3368 egendiretionem
937 3311 993 3364 ego,
1009 3291 1055 3362 qui
1067 3303 1141 3361 peter
1151 3307 1205 3341 non

147 3371 259 3444 Suincit
277 3375 335 3428 huc
346 3373 431 3444 Syrus
450 3375 655 3446 exprobratione
698 3393 771 3441 anm,
786 3393 853 3446 egre
872 3374 992 3434 lero.,-
1009 3370 1121 3439 Pergin'.
1142 3369 1205 3420 Hoc

149 3453 393 3525 etpavapnmtntme
404 3452 514 3526 quidem
523 3465 555 3506 tu
563 3455 656 3520 iecisti,
695 3453 792 3508 iterum
802 3452 836 3507 ad
843 3453 941 3525 Syrum
950 3449 1078 3520 Clitipho,
1085 3446 1206 3501 dolenter

147 3533 220 3602 quod
231 3535 316 3586 lacere
329 3551 378 3604 par
388 3545 444 3586 erat
452 3533 588 3586 hominem
602 3535 656 3587 fru-
697 3552 846 3587 conversus.
859 3565 894 3575 -
912 3531 1000 3584 Hercle
1013 3547 1104 3580 uerum.
1120 3527 1203 3592 Quasi

147 3611 174 3680 gt
184 3624 210 3665 et
223 3623 425 3683 temperantem,
439 3612 472 3665 nd
483 3611 557 3683 qnod
568 3629 655 3666 exem-
699 3614 793 3668 melius
803 3611 925 3666 affirmet.
936 3610 977 3664 Ne
989 3620 1078 3661 autern
1089 3608 1154 3661 velie
1166 3607 1205 3659 in·

146 3691 221 3761 plum
229 3703 256 3744 te
263 3693 487 3764 temperior-mere
496 3691 655 3745 nudula-
697 3690 817 3764 telllgere
829 3711 924 3756 oerum,
934 3689 1008 3760 qnasi
1022 3699 1086 3740 eeset
1096 3687 1141 3739 hic
1155 3683 1203 3740 nd-

147 3769 300 3841 Simplicitte
319 3785 405 3825 autem
427 3773 652 3834 intellexeramus,
696 3773 816 3844 jectivus,
829 3801 869 3814 -
882 3773 945 3823 Dico
956 3769 1022 3842 quod
1031 3767 1136 3820 uidetur.
1151 3767 1204 3820 Lo-

147 3848 204 3904 hec
213 3850 247 3904 de
255 3871 283 3904 ee
293 3851 351 3924 ipro
363 3850 451 3905 dicere
459 3853 573 3926 Syrum,
585 3852 654 3905 ·hatc
698 3869 775 3923 quor,
789 3863 819 3905 nt
832 3851 924 3904 sentio.

147 3939 173 3982 te
188 3949 299 4000 moneo,
311 3933 379 3984 elcut
389 3935 443 4004 jam
457 3933 506 3986 leci
521 3951 553 3987 ex
565 3933 654 3987 officio
740 3931 805 3986 583.
824 3932 920 3986 Nouae.
939 3930 982 3983 stc
997 3946 1047 3981 noo
1064 3939 1125 3999 poet
1143 3925 1202 3998 Bip.

147 4011 216 4064 cerri
231 4010 303 4065 utilit
318 4023 345 4064 et
363 4013 450 4090 probi,
463 4039 475 4063 ι
488 4015 589 4066 ’Βοοωτ
612 4015 654 4084 J'n·
698 4012 795 4084 Delph.
812 4011 883 4064 Perl-
898 4011 927 4064 Z.
942 4007 1069 4062 Dentalii
1083 4006 1203 4060 aou.Bn·

148 4087 225 4145 dicet.
235 4123 275 4134 -
288 4092 367 4159 Tace,
378 4093 453 4146 rodet.
464 4093 527 4161 Sile,
535 4094 654 4148 obtecto.
698 4093 769 4148 thina
783 4103 868 4146 totum
879 4109 918 4145 vt.
936 4089 972 4144 ita
985 4086 1080 4142 dividit
1097 4105 1104 4140 t
1126 4087 1203 4140 Cur.
