2890 4866
293 409 408 460 axum
649 385 718 453 DE
744 382 1004 453 THEATRO.

295 521 417 592 inesset
437 519 472 588 in
496 539 535 586 ea
560 514 653 586 velut
676 516 835 586 historica
864 515 945 584 fides
974 539 1063 584 verat
1085 518 1310 606 narrationis,
1334 533 1372 588 et

293 625 479 696 nominatio
508 625 675 710 omniurn,
703 622 891 717 dequibus
920 621 1136 692 scribebatur.
1156 623 1240 712 Sed,
1260 650 1370 719 quum

293 747 401 829 poetae
427 734 462 801 in
485 729 664 802 Comoediis
691 729 784 800 abuti
806 727 956 798 licentius
979 727 1084 823 stylo,
1103 743 1137 798 et
1161 732 1283 825 passim
1306 730 1371 802 lae·

293 840 372 909 dere
397 863 437 907 ex
464 836 597 907 libidine
621 837 797 930 coepissent
819 834 928 930 plures
955 834 1079 922 bonos,
1106 834 1179 931 lege
1204 835 1290 927 lata,
1322 864 1371 908 ne

293 949 469 1042 quisquam
484 945 518 1014 in
532 942 673 1013 alterum
688 940 811 1012 infame
828 965 962 1012 carmen
980 942 1159 1028 scriberet,
1174 957 1369 1014 tacuerunt.

348 1055 467 1146 Satyra
480 1048 599 1120 exinde
614 1049 753 1146 sumpsit
767 1047 949 1118 exordium.
962 1051 1086 1144 Estque
1100 1073 1204 1142 genus
1219 1049 1370 1142 Fabulae,

295 1184 368 1254 quae
389 1183 429 1228 ex
448 1156 588 1250 Satyris,
607 1181 690 1250 quos
710 1153 820 1224 illotos
837 1167 872 1224 et
888 1153 1075 1249 petulantes
1096 1157 1188 1226 Deos
1208 1180 1280 1228 esse
1300 1161 1369 1229 sci·

295 1291 391 1349 mus,
413 1287 536 1332 nomeu
564 1263 712 1356 sumpsit.
740 1262 816 1330 Fuit
842 1275 952 1329 autem
981 1261 1163 1356 ejusmodi,
1186 1278 1225 1334 ut
1251 1265 1285 1333 in
1306 1290 1369 1354 ea,

295 1371 446 1468 quamvis
463 1368 548 1438 duro
565 1383 598 1437 et
613 1369 732 1463 agresti
745 1366 842 1461 joco,
859 1381 970 1436 tamen
988 1369 1069 1437 vitia
1089 1368 1281 1459 hominum,
1294 1373 1369 1442 sine

296 1477 367 1547 ullo
385 1476 512 1572 proprii
531 1475 673 1544 nominis
692 1473 804 1558 titulo,
823 1488 1057 1568 carperentur,
1076 1491 1176 1569 atque
1201 1501 1271 1572 per
1286 1480 1368 1548 scir-

296 1607 360 1680 pos
374 1597 407 1652 et
423 1585 609 1678 aenigmata,
620 1605 748 1676 magne
762 1606 814 1650 res
827 1580 1100 1651 describerentur.
1111 1582 1150 1651 ld
1164 1607 1245 1654 vero
1261 1609 1369 1679 genus

294 1689 428 1760 Fabulae
446 1688 557 1759 multis
575 1687 682 1759 obluit
696 1690 818 1782 poetis,
832 1711 935 1781 quum
956 1690 989 1756 in
1007 1689 1227 1784 suspicionem
1247 1705 1367 1786 poten·

296 1797 385 1868 tibus
407 1797 534 1868 civibus
553 1796 735 1879 venissent,
751 1793 841 1888 quod
861 1792 993 1863 illorum
1013 1793 1100 1864 facta
1116 1795 1370 1919 descripsissent

295 1907 329 1974 in
351 1904 467 1999 pejus,
488 1927 528 1972 ac
549 1901 791 1972 deformassent
810 1899 941 1969 Fabulae
962 1926 1065 1998 genus
1090 1900 1175 1997 stylo
1198 1907 1366 1976 carminis.

318 2013 429 2080 Post
456 2007 617 2079 exoletam
641 2009 793 2102 Satyram
818 2009 987 2077 inventum
1018 2023 1066 2078 est
1093 2033 1113 2078 a
1140 2013 1248 2105 poetis
1275 2011 1367 2082 aliud

294 2116 426 2189 Fabulae
444 2141 568 2236 genus,
587 2139 660 2235 quae
678 2113 849 2184 Comoedia
865 2113 963 2183 Nova
974 2113 1062 2184 dicta
1079 2131 1137 2186 est.
1153 2119 1202 2185 Ea
1215 2134 1286 2187 erat
1302 2121 1365 2188 Fa-

295 2223 388 2312 bula,
409 2225 581 2294 continens
595 2223 773 2316 imaginem
789 2219 933 2290 civilium
953 2245 992 2291 ac
1007 2224 1212 2317 privatarum
1226 2250 1363 2296 rerum.

295 2357 361 2426 qua
379 2329 584 2420 discebatur,
602 2327 681 2423 quid
697 2342 783 2397 esset
805 2327 839 2396 in
860 2329 928 2397 vita
947 2327 1047 2414 utile,
1062 2330 1142 2424 quid
1160 2331 1363 2402 evitandum.

295 2437 397 2508 Unde
408 2438 455 2506 ait
468 2438 601 2524 Cicero,
614 2433 843 2506 «Comoediam
861 2459 932 2505 esse
947 2436 1164 2507 imitationem
1179 2439 1256 2508 aitae
1265 2464 1364 2536 ,spe-

295 2542 407 2614 culum
428 2541 693 2625 consuetudinis,
703 2543 884 2637 imaginem
902 2543 1058 2612 veritatis.
1071 2573 1089 2608 n

348 2648 483 2720 Nomen
498 2649 601 2718 habet
613 2599 804 2736 Comoedia,
818 2647 870 2718 vel
885 2673 905 2716 a
919 2651 1044 2735 Coruo,
1058 2652 1134 2720 Deo
1153 2654 1365 2723 comessatio·

293 2759 365 2846 nis,
381 2755 435 2826 vel
454 2756 496 2825 ab
511 2781 551 2825 eo
569 2755 659 2850 quod
678 2757 821 2850 primum
841 2755 1059 2826 Athenienses
1074 2782 1135 2852 per
1149 2759 1239 2828 vicos
1254 2759 1366 2831 adhuc

294 2863 434 2960 dispersi
456 2888 497 2932 ex
519 2861 672 2932 omnibus
692 2860 772 2932 locis
797 2859 861 2932 laeti
885 2861 1076 2958 alacresque
1095 2867 1362 2937 conveniebant:

295 2971 407 3068 ibique
427 2968 564 3038 rudibus
583 2983 617 3038 et
634 2967 766 3039 incriltis
780 2968 930 3038 versibus
944 2971 1189 3064 potentiorum,
1203 2970 1364 3042 aliorum-

294 3101 359 3174 que
382 3078 460 3146 item
485 3075 660 3144 hominum
680 3075 757 3145 vitia
782 3078 978 3173 nominatim
1000 3078 1276 3173 perstringebant.
1293 3083 1363 3150 No·

293 3209 374 3255 men
399 3198 510 3251 autem
529 3185 770 3277 compositum,
787 3183 848 3251 ἀπὸ
871 3194 926 3251 τοῦ
945 3177 1094 3276 κωμάζειν
1123 3185 1174 3254 καὶ
1198 3178 1294 3273 ᾅδειν.
1321 3191 1363 3256 ln

295 3315 440 3376 summa,
462 3288 634 3359 Comoedia
653 3303 702 3360 est
723 3313 843 3384 poema
865 3289 927 3358 sub
952 3292 1136 3361 imitatione
1157 3294 1232 3361 vitae
1253 3318 1294 3364 ac
1318 3296 1363 3363 si-

294 3396 479 3469 militudine
505 3385 742 3491 compositum,
760 3397 794 3464 in
819 3411 912 3492 gestu
938 3409 972 3466 et
993 3400 1265 3492 pronuntiatione
1283 3426 1362 3470 cou-

206 3513 214 3534 '
294 3506 423 3574 sistens.
435 3507 476 3572 In
486 3527 525 3574 ea
534 3502 718 3573 mediocres
731 3501 874 3586 fortunae
888 3503 1082 3592 hominum,
1096 3508 1191 3600 pravi
1205 3509 1361 3602 impetus,

293 3609 442 3707 pericula
464 3610 676 3705 quotidiana,
704 3606 896 3678 turbulenta
921 3612 1103 3706 principia,
1134 3611 1264 3707 laetique
1290 3615 1357 3683 fue·

292 3719 374 3790 runt
402 3718 524 3804 exitus,
554 3732 587 3787 et
612 3717 691 3787 licta
717 3730 923 3811 argumenta.
955 3720 1072 3787 Caruit
1096 3744 1228 3814 quoque
1257 3720 1360 3790 choro

292 3849 382 3896 nova
400 3824 593 3912 Comoedia,
610 3835 727 3894 contra
745 3847 845 3918 quarn
863 3827 987 3914 Vetus,
1003 3824 1228 3921 paulatimque
1244 3851 1360 3922 perso·

290 3955 411 4003 narum
429 3956 570 4001 numero
593 3930 628 4000 in
652 3929 798 4026 quinque
822 3932 925 4002 Actus
951 3933 1112 4028 processit
1134 3960 1143 4003 :
1168 3933 1260 4029 quod
1281 3947 1359 4005 tune

291 4063 392 4134 quum
411 4037 453 4106 ad
471 4051 623 4108 cantores
641 4037 683 4106 ab
704 4037 873 4109 actoribus
889 4039 1051 4110 transibat
1065 4039 1207 4130 Fabula,
1222 4043 1378 4112 consur-'
