3000 4866
275 441 377 489 cxxrr
633 418 699 486 DE
727 417 974 486 THEATRO.

273 549 465 638 flectentes,
482 573 523 620 eo
545 572 659 620 rursus
680 550 914 635 recurrebant,
930 546 1018 618 unde
1036 571 1172 618 cursum
1192 547 1344 618 inierant.

280 659 387 726 Erant
403 654 712 744 etdolicbodromi,
730 658 787 750 qui
808 657 912 726 sexies
933 653 1076 724 stadium
1091 653 1259 724 curriculo
1274 654 1345 724 obi·

273 763 375 833 bant:
392 786 469 832 nam
481 761 631 832 dolichos
645 761 855 857 longissimus
868 787 985 832 cursus
999 760 1181 830 dicebatur.

326 872 444 948 Lucta‚
462 871 587 939 Graecis
600 867 693 963 pale,
707 869 759 938 vel
772 871 806 939 in
819 894 932 954 coeno,
943 866 996 936 vel
1010 890 1127 950 arena,
1136 866 1188 936 vel
1204 865 1344 960 pulvere

271 975 390 1068 fiebat5
408 975 497 1044 unde
517 973 694 1044 luctatores
713 977 746 1044 in
765 975 867 1046 Ludis
888 975 1078 1070 Gymnicis,
1101 987 1158 1042 aut
1176 971 1345 1067 palaestra,

273 1084 398 1156 Graecis
411 1081 551 1177 palaestae
566 1081 731 1178 appellati.
742 1083 768 1150 Ii
781 1081 949 1168 luctaturi,
960 1094 1138 1166 ceromate,
1151 1079 1184 1148 id
1196 1093 1256 1166 est,
1268 1079 1344 1150 oleo

273 1187 1346 1284 ceratoperlundcbantur:unde,quieosungebaut,ceromatistae

274 1294 363 1366 dicti.
385 1293 527 1364 Pulvere
546 1317 678 1390 quoque
698 1309 776 1390 post
793 1295 984 1378 unctionem
1000 1292 1290 1389 inspargebantur,
1305 1307 1346 1362 ut

272 1425 415 1495 corpora
440 1415 607 1470 ceromate
631 1416 665 1473 et
693 1401 814 1472 sudore
836 1400 964 1470 lubrica
985 1414 1116 1470 mutuas
1144 1398 1344 1468 luctantium

273 1507 511 1603 prehensiones
525 1507 751 1578 admitterent:
764 1507 852 1578 unde
862 1522 978 1578 natum
989 1505 1222 1602 proverbium,
1238 1507 1347 1576 «citra

272 1613 418 1709 pulveris
434 1626 594 1694 tactum»
612 1613 653 1684 dc
670 1615 723 1700 iis,
743 1616 799 1710 qui
820 1613 916 1686 facilc
930 1613 1053 1708 aliquid
1066 1614 1232 1707 assequuti
1246 1627 1345 1702 sunt,

193 1801 195 1808 .
272 1733 308 1790 et
320 1721 402 1790 citra
416 1719 592 1808 sudorem,
608 1720 698 1814 quod
711 1735 745 1790 et
765 1723 848 1790 citra
860 1719 1032 1816 pulverem
1046 1719 1112 1788 dici
1127 1733 1246 1814 potest.
1254 1721 1345 1789 Eum

273 1824 446 1922 pulverem
467 1829 575 1897 Graeci
595 1827 705 1922 aphen
720 1826 885 1898 dicebant.
905 1831 998 1896 Inter
1012 1825 1191 1897 luctatores
1209 1825 1345 1920 quidam

274 1934 412 2004 summis
434 1934 520 2002 inter
544 1957 578 2002 se
603 1933 756 2002 manibus
777 1933 1035 2028 depugnabant,
1056 1931 1148 2002 nullo
1169 1931 1347 2024 complexu

272 2039 459 2110 haerentes:
478 2061 535 2109 eos
552 2039 783 2110 acrocbiristas
797 2039 964 2110 vocabant
981 2040 1100 2110 Graeci.
1118 2036 1183 2108 Alii
1200 2039 1345 2108 vicissim

273 2145 439 2216 feriebant
470 2147 649 2216 arrectaria
672 2147 935 2230 concertatione,
959 2145 1025 2217 boc
1047 2158 1122 2233 est,
1144 2147 1283 2233 arrecti,
1312 2159 1347 2215 et

272 2251 410 2347 pulvere
432 2251 550 2336 obsiti,
572 2251 655 2323 alter
684 2251 824 2325 alterum
845 2251 1049 2348 impetebant
1066 2275 1229 2346 procursu
1251 2249 1347 2322 calci·

273 2372 453 2452 tratuque:
476 2356 624 2429 calcibus
644 2359 751 2442 enim,
774 2358 913 2444 cubitis,
934 2358 1120 2454 unguibus,
1145 2383 1214 2426 uon
1239 2357 1344 2430 modo

273 2465 393 2558 pugnis
428 2463 626 2547 utebantur,
653 2464 809 2560 omnique
839 2464 1019 2559 impetendi
1049 2463 1345 2559 prelreudcndique

274 2569 375 2638 modo
393 2595 401 2638 τ
420 2571 648 2664 pancratiaste
665 2572 792 2653 vocati,
805 2585 839 2641 et
857 2572 1051 2666 pancration
1067 2569 1256 2664 hujusmodi
1274 2595 1348 2640 cer·

274 2675 408 2746 taminis
433 2701 555 2770 genus,
579 2701 620 2748 ex
644 2702 685 2747 eo
708 2676 799 2771 quod
822 2675 992 2748 advocatis
1018 2678 1172 2747 omnibus
1193 2678 1347 2772 corporis

273 2782 646 2879 viribus,omniumque
663 2805 843 2854 nervorum
863 2785 1076 2854 contentione
1095 2785 1344 2879 transigeretur.

327 2891 393 2978 Qui
426 2889 518 2959 disco
546 2915 582 2962 se
616 2890 814 2960 exercebant
838 2889 994 2983 gatlrletae,
1020 2889 1181 2960 discoboli
1217 2891 1349 2960 Graecis

273 2994 543 3090 appellabantur,
570 2995 637 3066 boc
663 3011 729 3083 est,
759 2996 886 3068 discum
913 3000 949 3067 iu
980 2994 1122 3068 sublime
1146 2995 1343 3092 jaculantes.

272 3103 355 3172 Erat
387 3117 498 3172 autem
529 3102 640 3175 discus
666 3101 748 3198 lapis
779 3103 943 3174 rotundus
972 3117 1210 3200 reperturus,
1236 3104 1346 3198 inquit

271 3209 477 3280 Ammonius.
1117 3285 1120 3290 ,

327 3314 497 3410 Pugilatus
509 3367 519 3406 ,
531 3339 630 3410 quem
649 3317 758 3386 Gracci
777 3339 921 3412 pygmen
946 3314 1177 3412 appellabant,
1198 3313 1346 3386 cestibus

274 3421 508 3512 exercebatur,
522 3421 635 3517 quales
651 3421 847 3517 aVirgilio,
863 3421 917 3492 lib.
936 3447 971 3511 v,
985 3423 1237 3494 deseribuntur:
1250 3423 1285 3490 in
1300 3447 1344 3490 eo

272 3529 328 3619 qui
358 3529 614 3620 exercebantur,
639 3527 767 3624 pugiles
795 3531 937 3615 latinis,
969 3530 1095 3600 Graecis
1125 3543 1231 3624 pyctae
1260 3527 1344 3598 dicti

273 3646 351 3702 sunt
373 3658 380 3701 :
403 3635 493 3728 quod
515 3661 638 3707 nomen
665 3635 708 3704 ad
733 3634 931 3731 gallinaceos
953 3659 1120 3732 pugnaces
1142 3633 1343 3704 translatum

272 3753 331 3810 est.

325 3844 544 3918 Saltatiouum
562 3850 598 3918 in
617 3848 720 3918 Ludis
735 3849 907 3942 Gymnieis
927 3847 1033 3919 multa
1053 3871 1175 3944 genera
1189 3846 1345 3934 fuerunt,

269 3951 548 4048 quemadmodum
577 3954 676 4026 docet
695 3954 874 4028 Luciauus.
892 3957 975 4028 Erat
997 3957 1086 4028 euim
1108 3953 1238 4028 saltatio
1263 3979 1342 4049 pyr·
