3026 4862
386 409 571 477 uniur.
599 407 973 496 ncr.1v‚sc.v.
1138 407 1213 494 425

137 545 236 614 Num
253 539 358 637 jussi?
378 542 470 611 Num
488 538 544 610 illu
564 543 785 637 oppignerare
806 539 907 610 filiam

140 653 259 720 Meam
277 673 331 718 me
347 649 453 718 invito
475 647 606 744 potnit?
620 679 638 715 u
660 651 749 720 Vere
766 646 869 730 illud,
891 648 1052 738 Chreme,
1180 679 1219 732 79⁵

141 759 289 843 Dicunt,
300 756 355 850 jus
371 780 537 827 summum
555 780 642 852 saepe
657 779 786 825 summa
805 769 856 826 est
873 753 1005 826 malitia.

145 865 236 934 Cnn.
265 862 365 932 Haud
390 863 522 933 faciem.
543 865 623 934 Srn.
645 865 775 948 Immo,
795 860 866 932 aliis
894 863 921 933 si
946 860 1042 952 licet,
1066 861 1125 932 tibi
1149 887 1217 931 non

308 968 395 1039 licet.

146 1078 275 1147 Omnes
296 1091 329 1146 te
352 1078 386 1146 in
404 1076 494 1147 lauto
514 1090 549 1146 et
570 1076 654 1146 bene
673 1090 748 1147 acta
765 1089 860 1171 purte
881 1090 1012 1172 putant.

148 1187 239 1255 Cfln.
268 1184 361 1273 Quin
386 1199 521 1280 egomet
544 1184 613 1278 jam
640 1183 683 1259 ad
709 1207 783 1254 eam
811 1181 971 1253 deferam.
998 1185 1080 1254 Srn.
1108 1185 1218 1253 Immo

305 1289 410 1360 fllium

147 1367 234 1468 Juh‘e
251 1399 374 1494 potius.
392 1399 483 1469 Cfln.
499 1396 752 1488 Quamobrem?
766 1399 847 1469 Srn.
860 1397 949 1487 Quia
967 1397 1055 1468 enim
1075 1398 1110 1466 in
1128 1396 1220 1466 huno

308 1505 452 1599 suspicio
463 1501 504 1575 'st
1183 1526 1223 1568 ιω

189 1695 258 1761 794.
271 1688 340 1744 Num
348 1692 429 1762 jussi,
449 1707 486 1744 ee.
505 1703 537 1744 nt
552 1689 661 1744 duretur
704 1691 838 1744 lubentem
850 1689 932 1762 magis
949 1709 980 1745 nc
994 1690 1078 1763 mugit
1098 1688 1220 1762 impellit.

149 1770 272 1841 pecunie.
286 1801 328 1813 -
339 1771 402 1837 Illa,
425 1788 493 1825 anne
511 1770 660 1826 Corinthia.
706 1799 747 1811 -
761 1771 828 1824 Attis
841 1772 863 1821 si
875 1771 932 1822 lieet
945 1789 977 1823 eo
989 1771 1056 1841 jurio
1068 1770 1158 1841 rigore
1170 1769 1220 1824 uti.

149 1849 236 1923 Supra
254 1854 321 1906 600.
335 1883 377 1898 -
398 1851 567 1922 oppignerare
583 1850 661 1919 filiam
748 1851 814 1919 798.
824 1850 915 1902 Omnes
924 1861 947 1902 te
955 1852 981 1902 in
991 1861 1071 1915 tauta,
1082 1861 1133 1902 eto.
1142 1849 1221 1902 Hunc

149 1949 232 1984 mam.
247 1931 317 1984 Dore
329 1930 413 1992 filiam
425 1930 542 2002 pignori.
706 1947 815 1983 versum
828 1928 877 2000 qni
888 1941 1026 2000 tantopere
1036 1928 1139 1994 veriat,
1154 1928 1220 1983 reti·

190 2011 258 2080 795.
272 2005 301 2056 V
298 2030 336 2062 ere
346 2009 416 2062 auid.
429 2008 473 2063 Sin
483 2029 532 2064 noe
542 2029 575 2064 ex
584 2010 661 2063 Bent.
706 2010 833 2072 unimur,
857 2021 918 2080 poet
933 2008 1127 2074 Perletum‚ut
1146 2019 1220 2061 este
1274 2057 1278 2066 ,

149 2103 211 2161 poet
221 2089 292 2141 Perl.
305 2088 385 2142 Both.
398 2089 532 2159 vulgarem
545 2089 607 2144 lect.
617 2108 663 2140 ue·
708 2089 821 2143 Faerno.
847 2088 901 2142 Pro
923 2099 1008 2148 aneta,
1038 2085 1113 2159 quod
1138 2087 1221 2158 vulgo

151 2188 222 2232 rum,
236 2165 358 2221 defendit
369 2167 515 2223 Ruhnken.
528 2199 569 2210 -
582 2164 661 2232 Vere,
708 2181 759 2234 est,
778 2168 878 2222 liabent
897 2167 943 2221 olii
957 2169 1047 2232 fecta,
1065 2165 1110 2219 elii
1130 2179 1220 2228 uncta,-

147 2249 209 2317 jure
223 2265 253 2302 uo
268 2249 376 2301 merito.
708 2267 759 2321 pro
770 2260 842 2320 parte
856 2247 917 2320 Bip.
931 2251 1009 2319 eopia.
1024 2248 1056 2300 C.
1065 2247 1100 2300 G.
1112 2264 1149 2299 m.
1165 2259 1221 2298 octe

193 2329 257 2397 796.
274 2328 325 2380 Est
335 2329 436 2380 malitia.
451 2327 605 2400 Dirponunt
619 2327 664 2382 alii
705 2339 785 2399 parte.
808 2327 894 2382 Bentl.
913 2340 985 2380 oreta
1008 2347 1042 2379 re.
1059 2323 1144 2379 Addit
1165 2326 1222 2398 ipse

152 2406 663 2462 rnolitiaeet.Muretteeteturiuexem-
708 2408 842 2476 Perletue,
862 2406 934 2480 quod
951 2406 1003 2480 ipsi
1020 2406 1148 2479 placitum
1167 2418 1223 2472 eet,

151 2486 222 2558 plari
239 2506 287 2541 ouo
303 2505 359 2541 esee
373 2490 479 2558 injuria,
496 2486 537 2541 nti
553 2487 611 2542 cic.
629 2486 664 2541 de
706 2488 1152 2560 portare.-Lectionemnoetrem
1165 2486 1221 2539 fere

152 2567 233 2620 offic.
258 2568 290 2633 1,
312 2585 364 2634 ro;
383 2567 432 2621 nbi
450 2565 512 2620 vide
532 2567 662 2640 Heusing.
709 2587 817 2621 omnem
831 2569 928 2641 recipit
941 2567 1055 2640 Valpius
1073 2567 1125 2620 niei
1145 2562 1221 2638 quod

152 2648 219 2702 Perl.
233 2679 273 2690 -
288 2647 368 2702 Both.
382 2647 462 2720 legit,
475 2648 552 2701 ltus.
563 2667 585 2702 e.
598 2668 665 2701 sum-
709 2649 775 2720 legit
789 2647 956 2702 aucta.Both.
969 2667 1048 2700 omnes
1061 2648 1178 2700 inlauttou
1195 2646 1223 2699 id

153 2747 192 2780 ma
202 2769 211 2792 ,
222 2727 321 2791 dicunt,
337 2729 440 2782 molt'tia.
454 2761 495 2772 —
505 2728 614 2788 Dicunt,
629 2746 666 2782 eo.
711 2733 736 2782 tit
750 2729 807 2781 berre
820 2741 893 2781 aucta
903 2749 929 2780 re
935 2740 1030 2800 putent.
1039 2759 1080 2770 -
1093 2727 1183 2780 Omnes
1199 2739 1223 2778 te

152 2808 288 2876 hominen
307 2811 382 2881 queri
395 2806 532 2863 diceretur
550 2809 600 2862 :in
618 2828 666 2862 ore
711 2813 737 2861 ιἰι
759 2809 828 2862 lauta
849 2821 875 2861 et
888 2808 946 2860 berre
967 2820 1024 2861 aeta
1036 2818 1107 2878 parte
1123 2819 1223 2879 putaret.

153 2899 192 2941 est
203 2888 334 2942 omnium.
346 2921 386 2932 -
399 2890 446 2942 lus
458 2907 573 2942 eurnmum
584 2909 663 2959 nepe,
711 2888 813 2942 Omnes
835 2890 998 2943 arbitrantur
1022 2901 1049 2942 te
1073 2888 1181 2941 vernem
1196 2887 1225 2940 in

153 2981 204 3021 etc.
218 2965 336 3022 Adnotat
349 2969 481 3042 interpres
495 2969 605 3041 gallione
616 2969 666 3022 Le·
711 2967 865 3022 conditione
884 2969 1026 3041 opulente,
1042 2980 1069 3021 et
1088 2967 1157 3020 bene
1172 2965 1226 3021 die·

154 3050 260 3100 mortuier
271 3047 422 3102 citetionem
437 3050 508 3104 lieno
519 3067 599 3121 supra
611 3068 666 3104 eer·
712 3050 813 3121 positu
826 3050 885 3114 vel,
898 3063 924 3103 te
935 3049 1033 3103 veretri
1043 3048 1071 3101 in
1083 3065 1114 3102 ea
1126 3045 1225 3101 o'ivinm

153 3127 667 3200 viliseermoniejectnmfutnremluieee,
712 3127 1226 3201 partequreeetlante,etegentfeliciter.

43 3214 46 3222 '
153 3207 205 3261 niti
221 3207 249 3260 in
263 3205 348 3278 adagii
360 3227 461 3262 morem
474 3209 668 3280 percrebuisset
753 3227 822 3280 799.
846 3209 922 3280 Quin.
951 3209 1070 3264 Gnllious
1093 3207 1227 3278 interpres

155 3287 268 3342 omnino
281 3287 339 3341 lneo
349 3289 489 3342 sententie.
503 3319 545 3332 —-
557 3289 597 3342 Ex
609 3289 665 3343 Me·
713 3291 855 3343 Lemonuier
866 3288 990 3344 adnotat:
1006 3289 1080 3341 uLee
1092 3285 1227 3340 vieillards

154 3366 278 3422 nandro:
291 3369 374 3422 itote
388 3369 419 3422 Oi
430 3369 500 3440 νόμοι
511 3365 668 3440 σφοδρίἰσὶν,
712 3369 842 3424 n'aiment
853 3388 900 3441 pne
912 3367 993 3442 qu'on
1008 3366 1066 3422 dise
1076 3365 1154 3439 qu¹ils
1167 3378 1227 3420 eont

155 3443 268 3520 dd'dpior
285 3449 342 3509 τοὺς
363 3449 451 3516 νόμους
469 3450 524 3503 λίαν
546 3447 668 3522 lepreon
713 3449 824 3515 richee3
847 3449 917 3502 voill
937 3447 1074 3521 ponrquoi
1099 3446 1227 3500 Chreme·

156 3529 309 3600 συκοφάντης
327 3528 669 3601 puiveru.-llolitin,nt
714 3530 785 3583 brine
806 3548 851 3582 eur
868 3541 911 3582 cet
932 3529 1031 3582 article.
1050 3525 1083 3579 Se
1097 3529 1227 3598 reponte,

155 3608 339 3679 explieatCio.
354 3608 389 3663 de
402 3608 615 3662 Ollic.melitioea
631 3623 670 3664 eet
715 3610 764 3680 qui
784 3626 939 3663 commenoe
951 3627 1002 3680 por
1019 3609 1095 3681 quin,
1118 3625 1229 3678 mnrque
1329 3667 1333 3676 Ι

152 3689 216 3758 juris
233 3691 413 3760 interpretatio,
429 3700 457 3743 et
470 3707 539 3761 etepe
554 3690 671 3743 sumitur
715 3709 764 3742 eon
779 3688 946 3762 impetieuoe.
961 3713 973 3736 ι
989 3717 1029 3731 -
1041 3688 1158 3754 Desertum
1167 3727 1175 3752 ,
1191 3703 1228 3740 eo·

156 3767 185 3819 in
198 3786 228 3821 re
241 3767 353 3836 lorensi,
366 3789 417 3841 pro
430 3770 520 3823 technis
526 3807 535 3832 ,
548 3788 579 3823 eo
592 3770 670 3823 undi—
715 3769 866 3841 pecuniam.

158 3847 295 3918 culkjurtir.
557 3893 560 3899 .
755 3851 820 3902 800.
827 3850 857 3900 In
867 3849 936 3902 dunc.
947 3847 1009 3913 Alii,
1018 3849 1044 3899 in
1051 3844 1226 3908 eum—lube,

199 3946 266 3998 797.
281 3928 358 3982 Haud
371 3933 474 3998 sociam.
489 3931 551 3985 Non
574 3930 668 3985 oonl'u·
713 3948 751 3982 eo.
765 3927 878 3982 deferre.
895 3959 934 3970 -
949 3927 982 3980 Iu
995 3928 1072 3992 lunc,
1093 3925 1227 3997 Clitipho-

159 4005 228 4076 giam
251 4006 285 4061 ad
296 4027 339 4064 eae
355 4011 453 4064 summi
464 4011 532 4081 juris
543 4011 667 4065 rationes.
713 4027 784 4062 nem.
795 4007 954 4079 -Suspicio
968 4009 1000 4061 'et
1011 4006 1111 4059 tranlot.
1122 4024 1170 4058 am.
1181 4005 1224 4058 Cf.

159 4088 298 4153 -Immo,
314 4103 465 4161 eprretereu.
476 4116 487 4137 ι
504 4091 566 4145 Jum
586 4089 669 4145 animi
714 4107 808 4161 supro,
827 4092 893 4160 767.
908 4087 968 4141 lluo
981 4087 1053 4143 enim
1066 4083 1171 4140 adludit
1185 4103 1229 4144 re-
