3014 4872
290 431 1373 468 mmmmmmfflfflmm

293 665 742 802 urssnnrnrio
794 711 970 802 novr
999 713 1365 830 Ι1111101113

535 977 604 1032 nn
646 975 714 1032 111
757 975 1113 1052 quesumus:

293 1213 416 1282 «Num
448 1215 494 1278 sit
517 1231 598 1282 oete
622 1223 745 1280 auctor
779 1212 954 1280 Temnites
969 1209 1181 1302 fabularum
1212 1217 1366 1290 Terentii

599 1347 735 1411 nomme
755 1344 1046 1440 mscrpotantmh

727 1551 910 1578 m

289 1693 418 1810 Inm.
438 1737 636 1828 omniaque
652 1733 694 1801 ad
714 1734 927 1804 deterendern
941 1738 1085 1807 Terentii
1106 1738 1254 1826 laudem,
1274 1743 1356 1816 dum

286 1845 429 1932 viveret,
448 1839 556 1912 emuli
568 1855 602 1909 et
619 1839 858 1910 detrectatores
878 1844 1163 1937 excogitaverunt,
1175 1847 1255 1917 nihil
1270 1853 1355 1922 invi·

286 1950 412 2019 diosius
430 1948 571 2035 videtur,
589 1970 690 2042 quam
712 1946 802 2041 quod
826 1947 954 2016 fabulas
970 1952 1080 2019 Poette
1099 1951 1199 2046 hujus
1219 1961 1354 2029 nomine

287 2057 461 2151 inscriptos
479 2056 581 2149 ipsius
596 2079 665 2122 non
684 2079 757 2122 esse
776 2055 847 2122 ausi
866 2056 932 2123 sint
946 2057 1158 2128 contendere.
1176 2061 1261 2150 Quae
1280 2067 1354 2158 qui.

284 2162 360 2232 dem
378 2162 610 2258 exprobratio,
635 2158 677 2228 ab
693 2159 882 2230 hominibus
903 2163 1058 2233 Terentio
1078 2165 1258 2260 aequalibus
1279 2175 1351 2265 pri.

283 2293 377 2339 mum
399 2271 577 2352 intentato,
598 2266 804 2360 temporibus
818 2269 940 2337 nostris
958 2269 1113 2358 invaluit,
1131 2275 1352 2367 quorumdam

282 2377 339 2470 qui
361 2378 394 2444 in
411 2399 447 2444 re
469 2374 627 2444 litteraria
646 2396 715 2441 non
735 2371 888 2443 ultimum
903 2373 1013 2445 locum
1029 2377 1219 2466 obtinuere,
1240 2399 1352 2454 aucto·

283 2484 380 2552 ritate
402 2481 598 2552 confirmata
619 2493 654 2549 et
675 2479 901 2550 corroborata.
921 2484 1013 2552 inter
1029 2509 1113 2579 quos
1135 2489 1282 2558 occurrit
1300 2491 1352 2560 vir

283 2579 483 2659 clarissimus
500 2589 707 2680 Montaz'gne
722 2586 812 2681 apud
827 2611 927 2682 quern
936 2587 1078 2684 legitur:
1100 2623 1117 2658 e
1129 2595 1163 2661 Si
1178 2591 1226 2663 les
1226 2611 1350 2702 gestes

287 2695 355 2765 nde
366 2695 558 2792 Xenophon
569 2693 653 2762 etde
662 2691 806 2762 Cesarn’
807 2711 939 2765 eussent
950 2695 992 2764 de
1002 2697 1077 2766 bien
1090 2697 1182 2794 loing
1197 2707 1351 2824 surpasse

286 2802 384 2873 «leur
404 2799 625 2897 eloquence,
613 2823 647 2893 Je
668 2823 711 2868 ne
729 2803 816 2871 crois
836 2825 895 2897 pas
912 2828 958 2896 qu
959 2800 1009 2873 ’ils
1026 2803 1073 2875 les
1090 2823 1223 2876 eussent
1231 2809 1348 2902 jamais

285 2941 302 2976 e
313 2911 476 3005 escripts.
467 2905 534 2976 ·ils
547 2921 608 2976 ont
621 2906 791 2978 cherchi
780 2932 799 2977 a
813 2910 1073 2992 recommendo,
1090 2937 1159 2982 non
1173 2913 1245 2982 leur
1258 2916 1348 3006 dire,

285 3047 304 3083 o
314 3018 396 3086 mois
409 3014 481 3084 leur
496 3013 585 3082 faire.
602 3015 647 3082 Et
660 3037 686 3084 si
679 3012 731 3082 la
744 3015 928 3108 perfectiori
941 3015 986 3085 du
1002 3018 1078 3086 bien
1092 3018 1203 3113 parler
1212 3026 1348 3116 pouvait

285 3137 473 3219 «apporter
480 3118 621 3216 quelque
636 3119 739 3215 gloire
751 3123 894 3192 sortable
909 3122 929 3192 d
942 3147 987 3192 un
1004 3125 1109 3220 grnnd
1121 3149 1346 3226 personnage,

283 3261 300 3296 n
312 3227 1346 3329 certainernentScipionetLaeliusn’eussentpasresigndl'hon·

284 3361 396 3405 oneur
412 3333 453 3404 de
473 3334 561 3403 leurs
575 3333 758 3423 comedes,
771 3351 804 3404 et
820 3349 929 3406 toutes
946 3335 993 3406 les
1011 3340 1227 3434 mignardises
1242 3357 1276 3412 et
1289 3344 1345 3413 de,

284 3439 391 3511 elices
412 3437 457 3510 du
476 3439 614 3536 lengoge
632 3439 733 3528 latin,
750 3443 769 3510 it
788 3465 836 3510 un
856 3443 928 3512 serf
941 3443 1079 3514 osricein
1095 3471 1104 3513 :
1123 3471 1191 3535 cor,
1211 3473 1276 3542 que
1293 3465 1345 3520 cet

282 3573 456 3642 «ouvrage
470 3549 534 3617 soit
544 3547 626 3636 leur,
637 3572 672 3617 sa
687 3547 806 3618 beaute
818 3563 851 3618 et
863 3574 923 3618 son
935 3550 1119 3621 excellence
1132 3553 1162 3622 le
1175 3557 1345 3625 maintient

283 3679 417 3742 «assez,
430 3668 465 3723 et
484 3655 631 3723 Terence
654 3651 805 3724 l’advoue
826 3653 881 3749 luy
903 3682 1042 3745 mesme;
1064 3673 1098 3727 et
1117 3685 1170 3729 me
1192 3661 1343 3733 feroiton

282 3791 300 3826 α
311 3760 482 3856 desplaisir
496 3760 538 3830 de
554 3785 607 3830 me
628 3757 780 3854 desloger
795 3760 837 3830 de
855 3776 941 3832 cette
963 3763 1128 3834 creance¹.
1141 3795 1159 3831 n

331 3868 513 3939 Fatendum
530 3865 663 3962 quidem
681 3881 731 3934 est
745 3891 822 3936 cum
836 3869 996 3963 scriptore
1012 3875 1229 3966 supracitato
1244 3870 1342 3971 longe

318 4082 435 4137 1.Eesois
445 4078 479 4134 de
487 4077 657 4149 Montnigne,
669 4077 722 4132 rol.
732 4079 773 4142 Π,
784 4079 832 4132 liv.
845 4098 856 4132 1
867 4118 875 4144 ,
885 4081 964 4153 chop.
976 4079 1021 4151 39.
1032 4082 1119 4150 Paris,
1133 4085 1330 4167 18p8‚1afim.
