3000 4866
261 373 392 420 uxxvnr
618 353 687 420 DE
713 353 976 423 THEATRO.

260 485 335 540 rent
355 495 476 558 scenae,
496 485 529 540 et
563 469 674 541 locum
695 472 880 566 praeberent
900 474 1111 544 circumactis
1128 475 1283 547 Theatris
1299 479 1334 546 in

258 581 506 678 Amphitheatri
524 581 685 671 formam,
701 597 778 678 post
796 583 911 654 Ludos
927 584 1085 655 scenicos
1101 585 1284 659 absolutos.

280 787 481 916 THEdTRl
505 845 865 929 CONFORMATm,
891 845 1094 935 EIUSQUE
1117 847 1308 916 PARTES.

306 1047 389 1134 sed,
408 1072 476 1142 quo
494 1045 629 1116 tandem
648 1043 809 1132 artificio,
823 1069 931 1140 quave
950 1046 1117 1117 industria
1130 1047 1335 1118 aedificatum

259 1157 359 1228 luerit
383 1156 474 1252 apud
500 1159 657 1252 antiquos
683 1155 888 1246 Theatrum,
914 1157 1160 1253 prospiciendis
1183 1158 1331 1228 Sceuicis

257 1269 362 1341 Ludis
378 1268 536 1336 idoneum
546 1268 681 1361 ,paucis
693 1267 749 1336 hic
762 1268 856 1336 vobis
870 1289 1060 1363 proponere
1077 1267 1178 1354 libet,
1192 1270 1331 1364 nequid

257 1403 372 1449 earum
387 1402 499 1447 rerum
521 1378 769 1471 praetermisisse
787 1377 975 1465 videamur,
992 1403 1066 1473 quae
1084 1377 1127 1448 ad
1152 1380 1242 1448 hunc
1262 1403 1336 1450 ser-

256 1513 392 1558 monem
411 1486 579 1583 pertinere
600 1485 805 1580 judicentur.
825 1486 929 1576 Quod
948 1502 1059 1558 tamen
1085 1513 1155 1558 non
1176 1490 1222 1558 ita
1243 1491 1334 1560 acei-

259 1597 421 1694 piendum
438 1597 520 1683 erit,
540 1595 634 1690 quasi
653 1594 696 1664 ad
719 1621 867 1690 unguem
892 1621 1105 1692 expressum,
1129 1598 1188 1668 sed
1210 1602 1335 1694 partim

258 1709 452 1803 conjectura
477 1721 511 1776 et
534 1706 663 1776 ratione
681 1720 814 1793 natum,
835 1710 960 1802 partim
986 1733 1027 1776 ex
1048 1709 1088 1777 iis
1109 1708 1335 1804 descriptum,

258 1846 332 1916 quae
348 1835 419 1890 tum
432 1821 468 1889 in
481 1819 627 1913 antiquis
643 1819 749 1887 ruinis
763 1816 946 1912 aliquando
962 1817 1126 1908 vidimus,
1140 1835 1213 1888 tum
1230 1821 1334 1888 etiam

258 1959 299 2003 ex
321 1932 529 2017 auctoribus,
548 1930 606 2026 qui
624 1927 666 1998 de
681 1927 745 1998 hac
766 1954 802 1999 re
825 1929 1051 2024 scripserunt,
1071 1930 1336 2027 comprehendi-

259 2071 342 2115 mus.
366 2047 483 2138 Itaque
507 2043 655 2136 primum
678 2039 932 2134 intelligendum
951 2056 1001 2111 est
1018 2041 1332 2138 (quemadmodum

258 2155 358 2251 paulo
376 2170 454 2224 ante
471 2149 695 2246 docebamus)
710 2151 894 2220 Theatrum
911 2151 1011 2248 fuisse
1026 2153 1061 2220 in
1075 2149 1277 2222 semicirculi
1294 2151 1336 2220 li·

258 2292 377 2363 goram
395 2263 638 2358 compositum,
651 2277 751 2357 atque
768 2263 815 2331 ita
827 2261 1094 2350 conformatum,
1113 2277 1256 2358 utreque
1272 2287 1334 2357 ge-

258 2391 328 2446 stus
340 2375 587 2468 prospicerent,
602 2397 641 2442 ac
654 2396 751 2440 voces
765 2371 920 2441 audirent
929 2374 1015 2466 (sine
1028 2372 1178 2445 tumultu
1194 2373 1333 2468 minen),

258 2487 317 2580 qui
339 2485 383 2554 ad
401 2483 505 2553 latera
525 2497 559 2552 et
581 2483 616 2552 in
640 2483 779 2552 summis
795 2481 948 2553 sederent
972 2483 1148 2578 gradibus,
1165 2499 1267 2577 atque
1288 2484 1335 2573 ii,

258 2596 317 2691 qui
337 2595 371 2662 in
390 2593 465 2662 imis
477 2593 571 2686 juxta
586 2615 728 2661 scenam.
748 2597 890 2664 Caveam
909 2617 1027 2663 vocare
1047 2593 1182 2663 videtur
1200 2592 1335 2666 Plinius
1366 2659 1370 2668 .

259 2704 370 2775 locum
389 2704 423 2771 in
438 2702 599 2804 Theatra,
612 2701 771 2796 gradibus
781 2727 819 2773 ac
837 2703 971 2774 sedibus
986 2719 1220 2774 constructum
1232 2719 1337 2800 atque

261 2813 503 2907 compositum,
521 2811 558 2880 in
579 2836 647 2905 quo
665 2811 795 2882 sederet
813 2813 969 2908 populus.
984 2818 1095 2887 Cavea
1110 2817 1181 2909 ipsa
1200 2815 1336 2910 (inquit

262 2925 458 2996 deTlieatro
474 2921 604 3016 Scauri)
615 2921 888 3017 cepithominum
903 2925 1076 3018 octoginta
1088 2924 1194 2995 millia
1206 2950 1214 2994 τ
1226 2950 1334 3019 quum

260 3035 411 3130 Pompeii
431 3033 553 3104 theatri
572 3031 640 3126 (sic
659 3033 750 3102 enim
772 3030 950 3125 legendum
969 3049 1036 3122 est3
1058 3058 1138 3104 nam
1158 3059 1336 3132 nunquam

259 3147 438 3242 Pompeius
452 3143 744 3238 Amphitlieatrum
758 3143 900 3236 edidit‚)
915 3144 1013 3214 toties
1029 3142 1253 3240 multiplicata
1269 3151 1336 3216 Ur·

259 3267 318 3348 be,
335 3275 496 3355 tantoque
518 3259 645 3353 majore
663 3258 805 3355 populo,
830 3257 973 3328 sufficiat
996 3258 1090 3355 large
1107 3261 1334 3356 quadraginta

260 3372 360 3444 millia
381 3370 505 3442 sedere.
524 3369 596 3440 Nisi
615 3371 719 3438 mavis
736 3393 871 3440 caveam
890 3369 1041 3466 accipere
1059 3396 1121 3466 pro
1141 3387 1211 3441 tota
1222 3373 1336 3444 Thea-

261 3486 304 3554 tri
317 3483 515 3577 capacitate,
524 3493 563 3549 ut
575 3480 675 3550 etiam
689 3505 820 3549 scenam
831 3481 938 3574 ipsam
949 3482 1231 3578 eomprehendam
1241 3484 1334 3578 quod

261 3612 372 3664 tamen
394 3594 504 3662 minus
526 3590 748 3685 probaverim.
773 3589 908 3662 Gradus
925 3606 1039 3660 autem
1066 3591 1270 3662 dicebantur
1298 3597 1332 3664 in

260 3709 330 3801 ipsa
350 3702 471 3774 leniter
492 3701 658 3796 pendente
682 3700 820 3771 Theatri
834 3701 975 3788 forma,
997 3701 1091 3772 sedes
1116 3702 1275 3798 lapidea,
1298 3705 1335 3775 in

260 3812 480 3910 hemicyclum
498 3814 598 3882 etiam
615 3826 805 3902 exstructae,
823 3839 843 3882 e
861 3814 986 3908 quibus
1003 3813 1180 3884 commode
1197 3815 1334 3909 prospi-

261 3929 366 3999 ciebat
391 3919 547 4019 populus.
570 3926 680 4016 Super
705 3921 757 3992 his
782 3922 941 4017 gradibus
961 3921 1069 4018 (quos
1090 3947 1160 3992 non
1184 3923 1334 4017 amplius

260 4035 451 4135 quindecim
470 4057 539 4104 esse
560 4033 786 4128 conjecimus)
812 4033 973 4106 sedebant
991 4048 1212 4128 spectatores,
1238 4035 1333 4104 etad
