<?xml version="1.0" encoding="UTF-8"?>
<!DOCTYPE html PUBLIC "-//W3C//DTD XHTML 1.0 Transitional//EN"
    "http://www.w3.org/TR/xhtml1/DTD/xhtml1-transitional.dtd">
<html xmlns="http://www.w3.org/1999/xhtml" xml:lang="en" lang="en">
 <head>
  <title>
</title>
<meta http-equiv="Content-Type" content="text/html;charset=utf-8" />
  <meta name='ocr-system' content='tesseract 3.04.00' />
  <meta name='ocr-capabilities' content='ocr_page ocr_carea ocr_par ocr_line ocrx_word'/>
</head>
<body>
  <div class='ocr_page' id='page_1' title='image "./publiiterentiia04lemagoog_0056.png"; bbox 0 0 3000 4866; ppageno 0'>
   <div class='ocr_carea' id='block_1_1' title="bbox 295 365 1186 442">
    <p class='ocr_par' dir='ltr' id='par_1_1' title="bbox 295 365 1186 442">
     <span class='ocr_line' id='line_1_1' title="bbox 295 365 1186 442; baseline -0.003 -1"><span class='ocrx_word' id='word_1_1' title='bbox 295 393 375 442; x_wconf 80' lang='lat' dir='ltr'>ravi</span> <span class='ocrx_word' id='word_1_2' title='bbox 475 371 550 440; x_wconf 89' lang='lat' dir='ltr'>DE.</span> <span class='ocrx_word' id='word_1_3' title='bbox 566 369 825 440; x_wconf 75' lang='lat' dir='ltr'><strong>TRAGOEDIA</strong></span> <span class='ocrx_word' id='word_1_4' title='bbox 852 365 910 438; x_wconf 87' lang='lat' dir='ltr'>ET</span> <span class='ocrx_word' id='word_1_5' title='bbox 937 369 1186 439; x_wconf 82' lang='lat' dir='ltr'>COMOEDIA.</span> 
     </span>
    </p>
   </div>
   <div class='ocr_carea' id='block_1_2' title="bbox 293 502 1370 2196">
    <p class='ocr_par' dir='ltr' id='par_1_2' title="bbox 293 502 1370 2196">
     <span class='ocr_line' id='line_1_2' title="bbox 296 502 1367 601; baseline 0 -27"><span class='ocrx_word' id='word_1_6' title='bbox 296 518 560 601; x_wconf 78' lang='lat' dir='ltr'>provocarentur</span> <span class='ocrx_word' id='word_1_7' title='bbox 576 503 730 598; x_wconf 84' lang='lat' dir='ltr'>ingenia:</span> <span class='ocrx_word' id='word_1_8' title='bbox 752 502 809 571; x_wconf 91' lang='lat' dir='ltr'>scd</span> <span class='ocrx_word' id='word_1_9' title='bbox 831 517 866 572; x_wconf 91' lang='lat' dir='ltr'>et</span> <span class='ocrx_word' id='word_1_10' title='bbox 893 503 1060 574; x_wconf 87' lang='lat' dir='ltr'>actoribus</span> <span class='ocrx_word' id='word_1_11' title='bbox 1080 523 1220 572; x_wconf 86' lang='lat' dir='ltr'>munera</span> <span class='ocrx_word' id='word_1_12' title='bbox 1244 503 1367 574; x_wconf 83' lang='lat' dir='ltr'>offere·</span> 
     </span>
     <span class='ocr_line' id='line_1_3' title="bbox 296 608 1367 704; baseline -0.001 -24"><span class='ocrx_word' id='word_1_13' title='bbox 296 612 430 699; x_wconf 78' lang='lat' dir='ltr'>bantur3</span> <span class='ocrx_word' id='word_1_14' title='bbox 449 634 516 704; x_wconf 93' lang='lat' dir='ltr'>quo</span> <span class='ocrx_word' id='word_1_15' title='bbox 534 608 689 680; x_wconf 89' lang='lat' dir='ltr'>libentius</span> <span class='ocrx_word' id='word_1_16' title='bbox 707 609 857 703; x_wconf 89' lang='lat' dir='ltr'>jucundo</span> <span class='ocrx_word' id='word_1_17' title='bbox 875 611 968 679; x_wconf 79' lang='lat' dir='ltr'>vocis</span> <span class='ocrx_word' id='word_1_18' title='bbox 990 610 1079 679; x_wconf 81' lang='lat' dir='ltr'>llexu</span> <span class='ocrx_word' id='word_1_19' title='bbox 1097 609 1139 678; x_wconf 92' lang='lat' dir='ltr'>ad</span> <span class='ocrx_word' id='word_1_20' title='bbox 1158 608 1367 680; x_wconf 73' lang='lat' dir='ltr'><strong>dulcedinem</strong></span> 
     </span>
     <span class='ocr_line' id='line_1_4' title="bbox 296 715 1368 813; baseline 0.005 -27"><span class='ocrx_word' id='word_1_21' title='bbox 296 715 593 787; x_wconf 79' lang='lat' dir='ltr'>commendationis</span> <span class='ocrx_word' id='word_1_22' title='bbox 626 727 809 787; x_wconf 89' lang='lat' dir='ltr'>uterentur.</span> <span class='ocrx_word' id='word_1_23' title='bbox 845 717 957 813; x_wconf 83' lang='lat' dir='ltr'>Caper</span> <span class='ocrx_word' id='word_1_24' title='bbox 988 739 1132 810; x_wconf 91' lang='lat' dir='ltr'>namque</span> <span class='ocrx_word' id='word_1_25' title='bbox 1171 742 1233 811; x_wconf 91' lang='lat' dir='ltr'>pro</span> <span class='ocrx_word' id='word_1_26' title='bbox 1269 717 1368 791; x_wconf 80' lang='lat' dir='ltr'>donia</span> 
     </span>
     <span class='ocr_line' id='line_1_5' title="bbox 295 820 1367 918; baseline -0.001 -25"><span class='ocrx_word' id='word_1_27' title='bbox 295 825 346 894; x_wconf 91' lang='lat' dir='ltr'>his</span> <span class='ocrx_word' id='word_1_28' title='bbox 370 823 522 912; x_wconf 89' lang='lat' dir='ltr'>dabatur,</span> <span class='ocrx_word' id='word_1_29' title='bbox 540 824 617 918; x_wconf 89' lang='lat' dir='ltr'>quia</span> <span class='ocrx_word' id='word_1_30' title='bbox 634 823 757 894; x_wconf 87' lang='lat' dir='ltr'>vitibus</span> <span class='ocrx_word' id='word_1_31' title='bbox 777 823 915 892; x_wconf 83' lang='lat' dir='ltr'>noxium</span> <span class='ocrx_word' id='word_1_32' title='bbox 935 820 1057 892; x_wconf 90' lang='lat' dir='ltr'>animal</span> <span class='ocrx_word' id='word_1_33' title='bbox 1074 821 1218 892; x_wconf 88' lang='lat' dir='ltr'>habetur</span> <span class='ocrx_word' id='word_1_34' title='bbox 1235 847 1244 890; x_wconf 79' lang='lat' dir='ltr'>r</span> <span class='ocrx_word' id='word_1_35' title='bbox 1262 847 1281 890; x_wconf 87' lang='lat' dir='ltr'>a</span> <span class='ocrx_word' id='word_1_36' title='bbox 1299 847 1367 917; x_wconf 92' lang='lat' dir='ltr'>quo</span> 
     </span>
     <span class='ocr_line' id='line_1_6' title="bbox 295 927 1366 1024; baseline -0.002 -24"><span class='ocrx_word' id='word_1_37' title='bbox 295 931 396 1000; x_wconf 91' lang='lat' dir='ltr'>etiam</span> <span class='ocrx_word' id='word_1_38' title='bbox 412 929 594 1024; x_wconf 72' lang='lat' dir='ltr'>Tragoedia</span> <span class='ocrx_word' id='word_1_39' title='bbox 614 950 737 998; x_wconf 94' lang='lat' dir='ltr'>nomen</span> <span class='ocrx_word' id='word_1_40' title='bbox 758 943 914 998; x_wconf 83' lang='lat' dir='ltr'>exortum</span> <span class='ocrx_word' id='word_1_41' title='bbox 936 943 995 998; x_wconf 85' lang='lat' dir='ltr'>est</span> <span class='ocrx_word' id='word_1_42' title='bbox 1013 927 1172 998; x_wconf 87' lang='lat' dir='ltr'>Nonnulli</span> <span class='ocrx_word' id='word_1_43' title='bbox 1193 942 1304 998; x_wconf 86' lang='lat' dir='ltr'>autem</span> <span class='ocrx_word' id='word_1_44' title='bbox 1322 953 1366 998; x_wconf 85' lang='lat' dir='ltr'>ex</span> 
     </span>
     <span class='ocr_line' id='line_1_7' title="bbox 297 1035 1364 1131; baseline -0.002 -25"><span class='ocrx_word' id='word_1_45' title='bbox 297 1061 433 1106; x_wconf 88' lang='lat' dir='ltr'>amurca</span> <span class='ocrx_word' id='word_1_46' title='bbox 451 1035 515 1105; x_wconf 91' lang='lat' dir='ltr'>olei</span> <span class='ocrx_word' id='word_1_47' title='bbox 541 1036 638 1124; x_wconf 83' lang='lat' dir='ltr'>laece,</span> <span class='ocrx_word' id='word_1_48' title='bbox 659 1060 732 1131; x_wconf 82' lang='lat' dir='ltr'>quae</span> <span class='ocrx_word' id='word_1_49' title='bbox 754 1049 806 1104; x_wconf 89' lang='lat' dir='ltr'>est</span> <span class='ocrx_word' id='word_1_50' title='bbox 829 1036 953 1105; x_wconf 92' lang='lat' dir='ltr'>humor</span> <span class='ocrx_word' id='word_1_51' title='bbox 966 1037 1139 1130; x_wconf 67' lang='lat' dir='ltr'>squamis,</span> <span class='ocrx_word' id='word_1_52' title='bbox 1154 1035 1364 1129; x_wconf 81' lang='lat' dir='ltr'>Tragoediam</span> 
     </span>
     <span class='ocr_line' id='line_1_8' title="bbox 295 1140 1366 1237; baseline -0.003 -24"><span class='ocrx_word' id='word_1_53' title='bbox 295 1145 360 1214; x_wconf 92' lang='lat' dir='ltr'>dici</span> <span class='ocrx_word' id='word_1_54' title='bbox 382 1145 561 1237; x_wconf 82' lang='lat' dir='ltr'>vocarique</span> <span class='ocrx_word' id='word_1_55' title='bbox 582 1140 783 1212; x_wconf 54' lang='lat' dir='ltr'>maluerunt,</span> <span class='ocrx_word' id='word_1_56' title='bbox 791 1143 860 1232; x_wconf 89' lang='lat' dir='ltr'>Qui</span> <span class='ocrx_word' id='word_1_57' title='bbox 876 1140 946 1211; x_wconf 92' lang='lat' dir='ltr'>ludi</span> <span class='ocrx_word' id='word_1_58' title='bbox 965 1165 1068 1236; x_wconf 91' lang='lat' dir='ltr'>quum</span> <span class='ocrx_word' id='word_1_59' title='bbox 1087 1164 1148 1236; x_wconf 89' lang='lat' dir='ltr'>per</span> <span class='ocrx_word' id='word_1_60' title='bbox 1166 1141 1309 1211; x_wconf 84' lang='lat' dir='ltr'>artifices</span> <span class='ocrx_word' id='word_1_61' title='bbox 1330 1143 1366 1210; x_wconf 92' lang='lat' dir='ltr'>in</span> 
     </span>
     <span class='ocr_line' id='line_1_9' title="bbox 293 1247 1366 1344; baseline -0.004 -24"><span class='ocrx_word' id='word_1_62' title='bbox 293 1251 457 1320; x_wconf 86' lang='lat' dir='ltr'>honorem</span> <span class='ocrx_word' id='word_1_63' title='bbox 475 1249 588 1318; x_wconf 87' lang='lat' dir='ltr'>Liberi</span> <span class='ocrx_word' id='word_1_64' title='bbox 604 1250 706 1344; x_wconf 84' lang='lat' dir='ltr'>patris</span> <span class='ocrx_word' id='word_1_65' title='bbox 720 1264 910 1343; x_wconf 81' lang='lat' dir='ltr'>agerentur,</span> <span class='ocrx_word' id='word_1_66' title='bbox 928 1249 1027 1320; x_wconf 86' lang='lat' dir='ltr'>etiam</span> <span class='ocrx_word' id='word_1_67' title='bbox 1042 1249 1105 1342; x_wconf 88' lang='lat' dir='ltr'>ipsi</span> <span class='ocrx_word' id='word_1_68' title='bbox 1117 1247 1366 1318; x_wconf 88' lang='lat' dir='ltr'>Comoediarum</span> 
     </span>
     <span class='ocr_line' id='line_1_10' title="bbox 293 1353 1368 1453; baseline -0.004 -27"><span class='ocrx_word' id='word_1_69' title='bbox 293 1355 609 1453; x_wconf 67' lang='lat' dir='ltr'>&#39;tragoediarumque</span> <span class='ocrx_word' id='word_1_70' title='bbox 634 1356 812 1450; x_wconf 76' lang='lat' dir='ltr'>scriptores</span> <span class='ocrx_word' id='word_1_71' title='bbox 827 1354 927 1449; x_wconf 88' lang='lat' dir='ltr'>hujus</span> <span class='ocrx_word' id='word_1_72' title='bbox 948 1357 1031 1442; x_wconf 92' lang='lat' dir='ltr'>Dei,</span> <span class='ocrx_word' id='word_1_73' title='bbox 1050 1353 1145 1423; x_wconf 86' lang='lat' dir='ltr'>velut</span> <span class='ocrx_word' id='word_1_74' title='bbox 1164 1355 1285 1448; x_wconf 86' lang='lat' dir='ltr'>patris,</span> <span class='ocrx_word' id='word_1_75' title='bbox 1303 1379 1368 1422; x_wconf 84' lang='lat' dir='ltr'>nu·</span> 
     </span>
     <span class='ocr_line' id='line_1_11' title="bbox 295 1459 1367 1557; baseline -0.002 -25"><span class='ocrx_word' id='word_1_76' title='bbox 295 1487 373 1532; x_wconf 89' lang='lat' dir='ltr'>men</span> <span class='ocrx_word' id='word_1_77' title='bbox 395 1461 504 1534; x_wconf 88' lang='lat' dir='ltr'>colere</span> <span class='ocrx_word' id='word_1_78' title='bbox 529 1463 747 1556; x_wconf 81' lang='lat' dir='ltr'>venerarique</span> <span class='ocrx_word' id='word_1_79' title='bbox 769 1476 954 1557; x_wconf 73' lang='lat' dir='ltr'>coeperunt.</span> <span class='ocrx_word' id='word_1_80' title='bbox 981 1461 1087 1556; x_wconf 88' lang='lat' dir='ltr'>Cujus</span> <span class='ocrx_word' id='word_1_81' title='bbox 1113 1461 1162 1530; x_wconf 88' lang='lat' dir='ltr'>rei</span> <span class='ocrx_word' id='word_1_82' title='bbox 1184 1459 1367 1555; x_wconf 79' lang='lat' dir='ltr'>probabilis</span> 
     </span>
     <span class='ocr_line' id='line_1_12' title="bbox 295 1566 1370 1663; baseline -0.001 -24"><span class='ocrx_word' id='word_1_83' title='bbox 295 1571 381 1639; x_wconf 89' lang='lat' dir='ltr'>ratio</span> <span class='ocrx_word' id='word_1_84' title='bbox 390 1569 525 1638; x_wconf 81' lang='lat' dir='ltr'>exstitit.</span> <span class='ocrx_word' id='word_1_85' title='bbox 543 1571 596 1639; x_wconf 88' lang='lat' dir='ltr'>Ita</span> <span class='ocrx_word' id='word_1_86' title='bbox 613 1570 701 1638; x_wconf 92' lang='lat' dir='ltr'>enim</span> <span class='ocrx_word' id='word_1_87' title='bbox 717 1573 866 1639; x_wconf 86' lang='lat' dir='ltr'>carmina</span> <span class='ocrx_word' id='word_1_88' title='bbox 883 1568 1038 1638; x_wconf 87' lang='lat' dir='ltr'>inchoata</span> <span class='ocrx_word' id='word_1_89' title='bbox 1049 1566 1315 1663; x_wconf 85' lang='lat' dir='ltr'>proferebantur,</span> <span class='ocrx_word' id='word_1_90' title='bbox 1328 1579 1370 1638; x_wconf 88' lang='lat' dir='ltr'>ut</span> 
     </span>
     <span class='ocr_line' id='line_1_13' title="bbox 294 1672 1367 1772; baseline -0.003 -27"><span class='ocrx_word' id='word_1_91' title='bbox 294 1701 356 1772; x_wconf 90' lang='lat' dir='ltr'>per</span> <span class='ocrx_word' id='word_1_92' title='bbox 373 1699 412 1745; x_wconf 85' lang='lat' dir='ltr'>ea</span> <span class='ocrx_word' id='word_1_93' title='bbox 434 1673 547 1745; x_wconf 89' lang='lat' dir='ltr'>laudes</span> <span class='ocrx_word' id='word_1_94' title='bbox 567 1675 638 1770; x_wconf 87' lang='lat' dir='ltr'>ejus</span> <span class='ocrx_word' id='word_1_95' title='bbox 654 1689 689 1744; x_wconf 88' lang='lat' dir='ltr'>et</span> <span class='ocrx_word' id='word_1_96' title='bbox 704 1675 793 1746; x_wconf 83' lang='lat' dir='ltr'>lacta</span> <span class='ocrx_word' id='word_1_97' title='bbox 812 1673 956 1770; x_wconf 83' lang='lat' dir='ltr'>gloriosa</span> <span class='ocrx_word' id='word_1_98' title='bbox 976 1673 1135 1746; x_wconf 87' lang='lat' dir='ltr'>celebrari</span> <span class='ocrx_word' id='word_1_99' title='bbox 1157 1672 1367 1769; x_wconf 88' lang='lat' dir='ltr'>proferrique</span> 
     </span>
     <span class='ocr_line' id='line_1_14' title="bbox 294 1779 1368 1876; baseline -0.007 -22"><span class='ocrx_word' id='word_1_100' title='bbox 294 1795 481 1854; x_wconf 81' lang='lat' dir='ltr'>constaret:</span> <span class='ocrx_word' id='word_1_101' title='bbox 496 1796 570 1850; x_wconf 89' lang='lat' dir='ltr'>tum</span> <span class='ocrx_word' id='word_1_102' title='bbox 591 1780 749 1876; x_wconf 86' lang='lat' dir='ltr'>paulatim</span> <span class='ocrx_word' id='word_1_103' title='bbox 766 1782 855 1851; x_wconf 85' lang='lat' dir='ltr'>fama</span> <span class='ocrx_word' id='word_1_104' title='bbox 865 1781 966 1874; x_wconf 88' lang='lat' dir='ltr'>hujus</span> <span class='ocrx_word' id='word_1_105' title='bbox 981 1783 1060 1850; x_wconf 77' lang='lat' dir='ltr'>artis</span> <span class='ocrx_word' id='word_1_106' title='bbox 1074 1781 1249 1851; x_wconf 79' lang='lat' dir='ltr'>increbuit.</span> <span class='ocrx_word' id='word_1_107' title='bbox 1264 1779 1368 1848; x_wconf 86' lang='lat' dir='ltr'>Thes·</span> 
     </span>
     <span class='ocr_line' id='line_1_15' title="bbox 294 1884 1365 1984; baseline -0.004 -26"><span class='ocrx_word' id='word_1_108' title='bbox 294 1891 345 1984; x_wconf 94' lang='lat' dir='ltr'>pis</span> <span class='ocrx_word' id='word_1_109' title='bbox 356 1904 468 1958; x_wconf 89' lang='lat' dir='ltr'>autem</span> <span class='ocrx_word' id='word_1_110' title='bbox 482 1890 609 1984; x_wconf 88' lang='lat' dir='ltr'>primus</span> <span class='ocrx_word' id='word_1_111' title='bbox 618 1889 689 1958; x_wconf 81' lang='lat' dir='ltr'>haec</span> <span class='ocrx_word' id='word_1_112' title='bbox 701 1889 823 1983; x_wconf 85' lang='lat' dir='ltr'>scripta</span> <span class='ocrx_word' id='word_1_113' title='bbox 839 1890 873 1957; x_wconf 92' lang='lat' dir='ltr'>in</span> <span class='ocrx_word' id='word_1_114' title='bbox 887 1890 1037 1958; x_wconf 89' lang='lat' dir='ltr'>omnium</span> <span class='ocrx_word' id='word_1_115' title='bbox 1051 1889 1202 1957; x_wconf 86' lang='lat' dir='ltr'>notitiam</span> <span class='ocrx_word' id='word_1_116' title='bbox 1214 1884 1365 1982; x_wconf 89' lang='lat' dir='ltr'>protulit.</span> 
     </span>
     <span class='ocr_line' id='line_1_16' title="bbox 293 1992 1368 2091; baseline -0.005 -26"><span class='ocrx_word' id='word_1_117' title='bbox 293 1999 413 2066; x_wconf 87' lang='lat' dir='ltr'>Postea</span> <span class='ocrx_word' id='word_1_118' title='bbox 430 1994 618 2090; x_wconf 77' lang='lat' dir='ltr'>AEschyluS,</span> <span class='ocrx_word' id='word_1_119' title='bbox 639 2010 772 2066; x_wconf 89' lang='lat' dir='ltr'>secutus</span> <span class='ocrx_word' id='word_1_120' title='bbox 792 1993 996 2091; x_wconf 77' lang='lat' dir='ltr'>exemplum,</span> <span class='ocrx_word' id='word_1_121' title='bbox 1019 1992 1209 2090; x_wconf 85' lang='lat' dir='ltr'>publicavit.</span> <span class='ocrx_word' id='word_1_122' title='bbox 1227 1995 1280 2062; x_wconf 92' lang='lat' dir='ltr'>De</span> <span class='ocrx_word' id='word_1_123' title='bbox 1295 1994 1368 2087; x_wconf 84' lang='lat' dir='ltr'>qui·</span> 
     </span>
     <span class='ocr_line' id='line_1_17' title="bbox 294 2097 1277 2196; baseline -0.005 -26"><span class='ocrx_word' id='word_1_124' title='bbox 294 2101 421 2173; x_wconf 87' lang='lat' dir='ltr'>busita</span> <span class='ocrx_word' id='word_1_125' title='bbox 440 2102 601 2172; x_wconf 83' lang='lat' dir='ltr'>Horatius</span> <span class='ocrx_word' id='word_1_126' title='bbox 621 2103 656 2171; x_wconf 91' lang='lat' dir='ltr'>in</span> <span class='ocrx_word' id='word_1_127' title='bbox 672 2105 753 2173; x_wconf 83' lang='lat' dir='ltr'>Arte</span> <span class='ocrx_word' id='word_1_128' title='bbox 774 2104 907 2173; x_wconf 85' lang='lat' dir='ltr'>Poetica</span> <span class='ocrx_word' id='word_1_129' title='bbox 928 2101 1092 2196; x_wconf 88' lang='lat' dir='ltr'>loquitur;</span> <span class='ocrx_word' id='word_1_130' title='bbox 1107 2123 1155 2172; x_wconf 81' lang='lat' dir='ltr'>vs.</span> <span class='ocrx_word' id='word_1_131' title='bbox 1174 2097 1277 2195; x_wconf 76' lang='lat'>‘2751</span> 
     </span>
    </p>
   </div>
   <div class='ocr_carea' id='block_1_3' title="bbox 251 2317 1139 3658">
    <p class='ocr_par' dir='ltr' id='par_1_3' title="bbox 251 2317 1139 3270">
     <span class='ocr_line' id='line_1_18' title="bbox 370 2317 1056 2397; baseline -0.001 -20"><span class='ocrx_word' id='word_1_132' title='bbox 370 2323 507 2397; x_wconf 82' lang='lat' dir='ltr'>Ignotum</span> <span class='ocrx_word' id='word_1_133' title='bbox 518 2319 646 2396; x_wconf 74' lang='lat' dir='ltr'>Tragicae</span> <span class='ocrx_word' id='word_1_134' title='bbox 661 2335 751 2396; x_wconf 80' lang='lat' dir='ltr'>genus</span> <span class='ocrx_word' id='word_1_135' title='bbox 764 2317 908 2377; x_wconf 77' lang='lat' dir='ltr'>invenisse</span> <span class='ocrx_word' id='word_1_136' title='bbox 920 2335 1056 2376; x_wconf 81' lang='lat' dir='ltr'>oamoenre</span> 
     </span>
     <span class='ocr_line' id='line_1_19' title="bbox 372 2416 1117 2496; baseline 0 -20"><span class='ocrx_word' id='word_1_137' title='bbox 372 2417 497 2485; x_wconf 84' lang='lat' dir='ltr'>Dicitur,</span> <span class='ocrx_word' id='word_1_138' title='bbox 511 2429 541 2474; x_wconf 92' lang='lat' dir='ltr'>et</span> <span class='ocrx_word' id='word_1_139' title='bbox 556 2417 693 2495; x_wconf 80' lang='lat' dir='ltr'>plaustris</span> <span class='ocrx_word' id='word_1_140' title='bbox 707 2416 817 2476; x_wconf 85' lang='lat' dir='ltr'>vexisse</span> <span class='ocrx_word' id='word_1_141' title='bbox 833 2422 968 2496; x_wconf 71' lang='lat' dir='ltr'>poemata</span> <span class='ocrx_word' id='word_1_142' title='bbox 978 2416 1117 2496; x_wconf 88' lang='lat' dir='ltr'>Thespis,</span> 
     </span>
     <span class='ocr_line' id='line_1_20' title="bbox 372 2514 1139 2594; baseline 0 -22"><span class='ocrx_word' id='word_1_143' title='bbox 372 2520 446 2588; x_wconf 75' lang='lat' dir='ltr'>Quae</span> <span class='ocrx_word' id='word_1_144' title='bbox 460 2526 597 2590; x_wconf 82' lang='lat' dir='ltr'>canerent</span> <span class='ocrx_word' id='word_1_145' title='bbox 609 2527 785 2592; x_wconf 80' lang='lat' dir='ltr'>agerentque</span> <span class='ocrx_word' id='word_1_146' title='bbox 801 2515 936 2594; x_wconf 83' lang='lat' dir='ltr'>peruncti</span> <span class='ocrx_word' id='word_1_147' title='bbox 949 2514 1068 2574; x_wconf 76' lang='lat' dir='ltr'>faecibus</span> <span class='ocrx_word' id='word_1_148' title='bbox 1078 2533 1139 2573; x_wconf 89' lang='lat' dir='ltr'>ora.</span> 
     </span>
     <span class='ocr_line' id='line_1_21' title="bbox 251 2611 1134 2692; baseline 0.001 -23"><span class='ocrx_word' id='word_1_149' title='bbox 251 2637 255 2644; x_wconf 62' lang='grc'><strong>’</strong></span> <span class='ocrx_word' id='word_1_150' title='bbox 373 2615 443 2670; x_wconf 88' lang='lat' dir='ltr'>Post</span> <span class='ocrx_word' id='word_1_151' title='bbox 459 2611 537 2669; x_wconf 90' lang='lat' dir='ltr'>hunc</span> <span class='ocrx_word' id='word_1_152' title='bbox 553 2630 686 2690; x_wconf 84' lang='lat' dir='ltr'>personae</span> <span class='ocrx_word' id='word_1_153' title='bbox 700 2613 842 2691; x_wconf 69' lang='lat' dir='ltr'>pallaeque</span> <span class='ocrx_word' id='word_1_154' title='bbox 858 2615 993 2692; x_wconf 83' lang='lat' dir='ltr'>repertor</span> <span class='ocrx_word' id='word_1_155' title='bbox 1004 2612 1134 2672; x_wconf 72' lang='lat' dir='ltr'>honestae</span> 
     </span>
     <span class='ocr_line' id='line_1_22' title="bbox 372 2706 1107 2788; baseline 0 -22"><span class='ocrx_word' id='word_1_156' title='bbox 372 2706 525 2784; x_wconf 84' lang='lat' dir='ltr'>AEschylus</span> <span class='ocrx_word' id='word_1_157' title='bbox 537 2748 546 2777; x_wconf 92' lang='lat'>‚</span> <span class='ocrx_word' id='word_1_158' title='bbox 560 2719 589 2764; x_wconf 92' lang='lat' dir='ltr'>et</span> <span class='ocrx_word' id='word_1_159' title='bbox 599 2706 720 2766; x_wconf 89' lang='lat' dir='ltr'>modicis</span> <span class='ocrx_word' id='word_1_160' title='bbox 732 2709 865 2767; x_wconf 84' lang='lat' dir='ltr'>instravit</span> <span class='ocrx_word' id='word_1_161' title='bbox 881 2709 996 2788; x_wconf 88' lang='lat' dir='ltr'>pulpita</span> <span class='ocrx_word' id='word_1_162' title='bbox 1008 2707 1107 2786; x_wconf 79' lang='lat' dir='ltr'>tignis,</span> 
     </span>
     <span class='ocr_line' id='line_1_23' title="bbox 371 2802 1131 2882; baseline -0.003 -20"><span class='ocrx_word' id='word_1_163' title='bbox 371 2807 409 2862; x_wconf 90' lang='lat' dir='ltr'>Et</span> <span class='ocrx_word' id='word_1_164' title='bbox 420 2802 521 2861; x_wconf 92' lang='lat' dir='ltr'>docuit</span> <span class='ocrx_word' id='word_1_165' title='bbox 535 2822 729 2882; x_wconf 86' lang='lat' dir='ltr'>magnumque</span> <span class='ocrx_word' id='word_1_166' title='bbox 742 2805 837 2882; x_wconf 91' lang='lat' dir='ltr'>loqui,</span> <span class='ocrx_word' id='word_1_167' title='bbox 849 2805 963 2882; x_wconf 87' lang='lat' dir='ltr'>nitique</span> <span class='ocrx_word' id='word_1_168' title='bbox 974 2804 1131 2862; x_wconf 88' lang='lat' dir='ltr'>cothurno.</span> 
     </span>
     <span class='ocr_line' id='line_1_24' title="bbox 372 2899 1081 2961; baseline -0.003 0"><span class='ocrx_word' id='word_1_169' title='bbox 372 2899 515 2961; x_wconf 87' lang='lat' dir='ltr'>Successit</span> <span class='ocrx_word' id='word_1_170' title='bbox 524 2912 607 2958; x_wconf 87' lang='lat' dir='ltr'>vetus</span> <span class='ocrx_word' id='word_1_171' title='bbox 621 2900 666 2958; x_wconf 88' lang='lat' dir='ltr'>his</span> <span class='ocrx_word' id='word_1_172' title='bbox 683 2899 832 2960; x_wconf 68' lang='lat' dir='ltr'>Comoedia</span> <span class='ocrx_word' id='word_1_173' title='bbox 843 2921 903 2958; x_wconf 88' lang='lat' dir='ltr'>non</span> <span class='ocrx_word' id='word_1_174' title='bbox 916 2901 977 2959; x_wconf 91' lang='lat' dir='ltr'>sine</span> <span class='ocrx_word' id='word_1_175' title='bbox 990 2901 1081 2959; x_wconf 86' lang='lat' dir='ltr'>multa</span> 
     </span>
     <span class='ocr_line' id='line_1_25' title="bbox 372 2995 1097 3069; baseline -0.004 -12"><span class='ocrx_word' id='word_1_176' title='bbox 372 2995 473 3057; x_wconf 88' lang='lat' dir='ltr'>Laude</span> <span class='ocrx_word' id='word_1_177' title='bbox 486 2995 496 3054; x_wconf 77' lang='grc' dir='ltr'>ε’</span> <span class='ocrx_word' id='word_1_178' title='bbox 507 2996 599 3054; x_wconf 84' lang='lat' dir='ltr'>sedin</span> <span class='ocrx_word' id='word_1_179' title='bbox 610 2996 713 3056; x_wconf 90' lang='lat' dir='ltr'>vitium</span> <span class='ocrx_word' id='word_1_180' title='bbox 726 2995 846 3057; x_wconf 88' lang='lat' dir='ltr'>libertas</span> <span class='ocrx_word' id='word_1_181' title='bbox 859 2995 981 3069; x_wconf 83' lang='lat' dir='ltr'>excidit,</span> <span class='ocrx_word' id='word_1_182' title='bbox 995 3009 1025 3054; x_wconf 92' lang='lat' dir='ltr'>et</span> <span class='ocrx_word' id='word_1_183' title='bbox 1036 2998 1097 3055; x_wconf 90' lang='lat' dir='ltr'>vim</span> 
     </span>
     <span class='ocr_line' id='line_1_26' title="bbox 373 3093 1105 3172; baseline 0 -20"><span class='ocrx_word' id='word_1_184' title='bbox 373 3095 499 3170; x_wconf 84' lang='lat' dir='ltr'>Dignam</span> <span class='ocrx_word' id='word_1_185' title='bbox 511 3095 573 3171; x_wconf 80' lang='lat' dir='ltr'>lege</span> <span class='ocrx_word' id='word_1_186' title='bbox 584 3093 646 3172; x_wconf 80' lang='lat' dir='ltr'>regi</span> <span class='ocrx_word' id='word_1_187' title='bbox 659 3116 665 3150; x_wconf 76' lang='grc' dir='ltr'><strong><em>ι</em></strong></span> <span class='ocrx_word' id='word_1_188' title='bbox 679 3093 726 3152; x_wconf 83' lang='lat' dir='ltr'>lex</span> <span class='ocrx_word' id='word_1_189' title='bbox 736 3106 780 3153; x_wconf 85' lang='lat' dir='ltr'>est</span> <span class='ocrx_word' id='word_1_190' title='bbox 789 3105 907 3172; x_wconf 89' lang='lat' dir='ltr'>accepta</span> <span class='ocrx_word' id='word_1_191' title='bbox 919 3115 926 3150; x_wconf 92' lang='lat'><strong>:</strong></span> <span class='ocrx_word' id='word_1_192' title='bbox 940 3093 1105 3172; x_wconf 84' lang='lat' dir='ltr'>chorusque</span> 
     </span>
     <span class='ocr_line' id='line_1_27' title="bbox 372 3189 1007 3270; baseline -0.005 -19"><span class='ocrx_word' id='word_1_193' title='bbox 372 3190 511 3270; x_wconf 86' lang='lat' dir='ltr'>Turpiter</span> <span class='ocrx_word' id='word_1_194' title='bbox 522 3189 656 3265; x_wconf 90' lang='lat' dir='ltr'>obticuit,</span> <span class='ocrx_word' id='word_1_195' title='bbox 668 3190 783 3250; x_wconf 86' lang='lat' dir='ltr'>sublato</span> <span class='ocrx_word' id='word_1_196' title='bbox 793 3190 861 3268; x_wconf 89' lang='lat' dir='ltr'>jure</span> <span class='ocrx_word' id='word_1_197' title='bbox 871 3190 1007 3250; x_wconf 89' lang='lat' dir='ltr'>nocendi.</span> 
     </span>
    </p>

    <p class='ocr_par' dir='ltr' id='par_1_4' title="bbox 371 3287 959 3367">
     <span class='ocr_line' id='line_1_28' title="bbox 371 3287 959 3367; baseline -0.009 -18"><span class='ocrx_word' id='word_1_198' title='bbox 371 3287 421 3349; x_wconf 88' lang='lat' dir='ltr'>Nil</span> <span class='ocrx_word' id='word_1_199' title='bbox 433 3289 609 3347; x_wconf 87' lang='lat' dir='ltr'>intentatum</span> <span class='ocrx_word' id='word_1_200' title='bbox 620 3288 712 3346; x_wconf 86' lang='lat' dir='ltr'>nostri</span> <span class='ocrx_word' id='word_1_201' title='bbox 723 3289 834 3366; x_wconf 89' lang='lat' dir='ltr'>liquere</span> <span class='ocrx_word' id='word_1_202' title='bbox 845 3291 940 3367; x_wconf 77' lang='lat' dir='ltr'>po&#39;e&#39;tae</span> <span class='ocrx_word' id='word_1_203' title='bbox 951 3309 959 3344; x_wconf 76' lang='grc' dir='ltr'><strong>ι</strong></span> 
     </span>
    </p>

    <p class='ocr_par' dir='ltr' id='par_1_5' title="bbox 372 3383 1133 3658">
     <span class='ocr_line' id='line_1_29' title="bbox 372 3383 1107 3464; baseline -0.005 -19"><span class='ocrx_word' id='word_1_204' title='bbox 372 3391 433 3445; x_wconf 83' lang='lat' dir='ltr'>Nec</span> <span class='ocrx_word' id='word_1_205' title='bbox 449 3385 600 3445; x_wconf 89' lang='lat' dir='ltr'>minimum</span> <span class='ocrx_word' id='word_1_206' title='bbox 612 3399 744 3444; x_wconf 89' lang='lat' dir='ltr'>meruere</span> <span class='ocrx_word' id='word_1_207' title='bbox 756 3385 861 3457; x_wconf 87' lang='lat' dir='ltr'>decus,</span> <span class='ocrx_word' id='word_1_208' title='bbox 873 3383 993 3464; x_wconf 81' lang='lat' dir='ltr'>vestigia</span> <span class='ocrx_word' id='word_1_209' title='bbox 1004 3389 1107 3444; x_wconf 80' lang='lat' dir='ltr'>Graeca</span> 
     </span>
     <span class='ocr_line' id='line_1_30' title="bbox 372 3471 1133 3552; baseline -0.005 -11"><span class='ocrx_word' id='word_1_210' title='bbox 372 3482 445 3542; x_wconf 79' lang='lat' dir='ltr'>Ausi</span> <span class='ocrx_word' id='word_1_211' title='bbox 461 3481 611 3552; x_wconf 83' lang='lat' dir='ltr'>deserere,</span> <span class='ocrx_word' id='word_1_212' title='bbox 628 3494 657 3539; x_wconf 89' lang='lat' dir='ltr'>et</span> <span class='ocrx_word' id='word_1_213' title='bbox 670 3471 818 3540; x_wconf 79' lang='lat' dir='ltr'>celebrare</span> <span class='ocrx_word' id='word_1_214' title='bbox 829 3480 988 3540; x_wconf 85' lang='lat' dir='ltr'>domestica</span> <span class='ocrx_word' id='word_1_215' title='bbox 999 3479 1088 3552; x_wconf 81' lang='lat' dir='ltr'>lacte,</span> <span class='ocrx_word' id='word_1_216' title='bbox 1129 3503 1133 3511; x_wconf 85' lang='lat'>·</span> 
     </span>
     <span class='ocr_line' id='line_1_31' title="bbox 373 3577 1076 3658; baseline -0.006 -20"><span class='ocrx_word' id='word_1_217' title='bbox 373 3580 429 3638; x_wconf 84' lang='lat' dir='ltr'>vet</span> <span class='ocrx_word' id='word_1_218' title='bbox 439 3579 490 3658; x_wconf 92' lang='lat' dir='ltr'>qui</span> <span class='ocrx_word' id='word_1_219' title='bbox 502 3589 673 3658; x_wconf 72' lang='lat' dir='ltr'>praetextaS,</span> <span class='ocrx_word' id='word_1_220' title='bbox 688 3579 735 3636; x_wconf 83' lang='lat' dir='ltr'>vel</span> <span class='ocrx_word' id='word_1_221' title='bbox 750 3579 802 3656; x_wconf 89' lang='lat' dir='ltr'>qui</span> <span class='ocrx_word' id='word_1_222' title='bbox 812 3577 941 3638; x_wconf 91' lang='lat' dir='ltr'>docuere</span> <span class='ocrx_word' id='word_1_223' title='bbox 957 3589 1076 3656; x_wconf 81' lang='lat' dir='ltr'>togatas.</span> 
     </span>
    </p>
   </div>
   <div class='ocr_carea' id='block_1_4' title="bbox 295 3791 1369 4106">
    <p class='ocr_par' dir='ltr' id='par_1_6' title="bbox 295 3791 1369 4106">
     <span class='ocr_line' id='line_1_32' title="bbox 348 3791 1368 3891; baseline 0.001 -25"><span class='ocrx_word' id='word_1_224' title='bbox 348 3791 474 3866; x_wconf 89' lang='lat' dir='ltr'>Fabula</span> <span class='ocrx_word' id='word_1_225' title='bbox 500 3792 653 3891; x_wconf 83' lang='lat' dir='ltr'>generale</span> <span class='ocrx_word' id='word_1_226' title='bbox 671 3821 796 3866; x_wconf 89' lang='lat' dir='ltr'>nomen</span> <span class='ocrx_word' id='word_1_227' title='bbox 824 3809 894 3882; x_wconf 85' lang='lat' dir='ltr'>est3</span> <span class='ocrx_word' id='word_1_228' title='bbox 917 3795 989 3889; x_wconf 88' lang='lat' dir='ltr'>ejus</span> <span class='ocrx_word' id='word_1_229' title='bbox 1010 3795 1083 3864; x_wconf 84' lang='lat' dir='ltr'>duae</span> <span class='ocrx_word' id='word_1_230' title='bbox 1113 3793 1228 3889; x_wconf 83' lang='lat' dir='ltr'>primae</span> <span class='ocrx_word' id='word_1_231' title='bbox 1254 3810 1368 3889; x_wconf 88' lang='lat' dir='ltr'>partes</span> 
     </span>
     <span class='ocr_line' id='line_1_33' title="bbox 295 3902 1369 3996; baseline -0.006 -20"><span class='ocrx_word' id='word_1_232' title='bbox 295 3919 390 3992; x_wconf 82' lang='lat' dir='ltr'>sunt,</span> <span class='ocrx_word' id='word_1_233' title='bbox 408 3902 584 3996; x_wconf 84' lang='lat' dir='ltr'>Tragoedia</span> <span class='ocrx_word' id='word_1_234' title='bbox 602 3919 637 3973; x_wconf 91' lang='lat' dir='ltr'>et</span> <span class='ocrx_word' id='word_1_235' title='bbox 657 3902 838 3973; x_wconf 86' lang='lat' dir='ltr'>Comoedia.</span> <span class='ocrx_word' id='word_1_236' title='bbox 856 3903 891 3973; x_wconf 89' lang='lat' dir='ltr'>Si</span> <span class='ocrx_word' id='word_1_237' title='bbox 908 3903 1029 3972; x_wconf 89' lang='lat' dir='ltr'>Latina</span> <span class='ocrx_word' id='word_1_238' title='bbox 1050 3903 1293 3996; x_wconf 82' lang='lat' dir='ltr'>argumentatio</span> <span class='ocrx_word' id='word_1_239' title='bbox 1312 3904 1369 3990; x_wconf 88' lang='lat' dir='ltr'>sit,</span> 
     </span>
     <span class='ocr_line' id='line_1_34' title="bbox 296 4007 1366 4106; baseline -0.003 -25"><span class='ocrx_word' id='word_1_240' title='bbox 296 4023 490 4106; x_wconf 76' lang='lat' dir='ltr'>pretextato</span> <span class='ocrx_word' id='word_1_241' title='bbox 507 4007 638 4080; x_wconf 91' lang='lat' dir='ltr'>dicitur.</span> <span class='ocrx_word' id='word_1_242' title='bbox 654 4009 829 4080; x_wconf 89' lang='lat' dir='ltr'>Comoedia</span> <span class='ocrx_word' id='word_1_243' title='bbox 846 4021 957 4080; x_wconf 86' lang='lat' dir='ltr'>autem</span> <span class='ocrx_word' id='word_1_244' title='bbox 975 4007 1095 4082; x_wconf 83' lang='lat' dir='ltr'>multas</span> <span class='ocrx_word' id='word_1_245' title='bbox 1110 4007 1235 4101; x_wconf 86' lang='lat' dir='ltr'>species</span> <span class='ocrx_word' id='word_1_246' title='bbox 1253 4007 1366 4078; x_wconf 89' lang='lat' dir='ltr'>habet.</span> 
     </span>
    </p>
   </div>
   <div class='ocr_carea' id='block_1_5' title="bbox 0 0 1504 4866">
    <p class='ocr_par' dir='ltr' id='par_1_7' title="bbox 0 0 1504 4866">
     <span class='ocr_line' id='line_1_35' title="bbox 0 0 1504 4866; baseline 0 0"><span class='ocrx_word' id='word_1_247' title='bbox 0 0 1504 4866; x_wconf 95' lang='lat' dir='ltr'> </span> 
     </span>
    </p>
   </div>
  </div>
 </body>
</html>
