3014 4860
402 415 586 484 HEAUT.
614 416 721 484 ACT.
751 415 829 501 Ill,
857 414 926 482 SC.
955 415 1007 482 Il.
1160 411 1233 508 389

174 550 265 618 Cun.
287 550 394 618 Tanto
411 546 523 618 hercle
541 547 665 617 melior.
684 549 764 616 Srn.
783 546 860 616 Non
879 560 929 616 est
946 545 1075 614 mentiri
1096 571 1217 614 mcum.

175 657 264 722 Cnn.
286 658 351 734 Fac
369 679 458 748 ergo.
476 655 558 724 Srn.
580 656 624 726 At
645 655 727 724 heus
745 668 797 738 tu,
817 653 916 722 lecito
935 651 1016 720 dum
1035 650 1148 722 eadem
1165 652 1236 722 haec

333 759 535 847 memineris,
990 757 993 775 ’
1195 783 1237 822 ⁵⁵0

172 864 208 934 Si
228 865 309 958 quid
323 866 422 960 hujus
431 865 543 966 ,simile
564 867 649 936 forte
667 865 843 962 aliquando
863 864 1024 950 evenerit,
1092 943 1095 950 Δ

173 971 224 1040 Ut
243 987 323 1041 sunt
343 973 504 1057 humana,
523 987 598 1044 tuus
620 988 659 1042 ut
678 973 776 1044 saciat
798 970 893 1040 filius.

173 1066 272 1145 Cuu.¹
294 1077 372 1147 Non
398 1103 475 1147 usus
501 1081 630 1166 veniet,
655 1105 763 1174 spero.
795 1080 876 1146 Srn.
904 1078 1016 1170 Spero
1034 1074 1145 1144 hercle
1173 1099 1237 1170 ego

379 1209 399 1253 ο
424 1207 482 1252 ue·

171 1287 291 1381 Neque
306 1206 455 1359 edunrihc
474 1237 568 1378 dico,
583 1317 649 1386 quo
668 1290 849 1385 quidquam
869 1287 961 1356 illum
980 1287 1159 1356 senserim:

172 1392 238 1462 Sed
257 1395 284 1462 si
299 1395 395 1488 quid,
413 1419 456 1464 ne
474 1395 562 1490 quid.
580 1398 665 1487 Quee
682 1399 724 1468 sit
742 1396 812 1490 ejus
829 1411 924 1480 retas,
939 1393 1040 1462 vides.
1199 1422 1238 1462 sss

173 1500 219 1568 Et
238 1525 289 1569 nae
306 1526 369 1595 ego
387 1515 434 1587 te,
449 1501 476 1570 si
493 1527 571 1572 usus
592 1505 719 1592 veniat,
739 1501 933 1597 magnifice,
952 1499 1113 1584 Chreme,

216 1683 282 1754 549.
296 1685 399 1750 Melior,
422 1703 458 1738 sc.
472 1703 505 1737 ee.
520 1717 560 1728 -
580 1685 687 1741 Nonest
771 1683 837 1738 553.
858 1685 916 1738 Non
929 1703 993 1736 'reus
1010 1686 1098 1736 veniet.
1119 1682 1181 1736 Non
1195 1701 1240 1735 ex·

174 1767 270 1815 mentiri
285 1784 368 1817 meum.
390 1765 483 1817 «Meus
497 1783 554 1817 non
569 1777 607 1818 est
628 1783 685 1818 mos
729 1765 864 1835 periemnr
881 1782 930 1816 usu
946 1762 1018 1834 quod
1035 1762 1110 1816 dicis.

174 1841 342 1896 menducium
354 1843 483 1915 proferre.
496 1843 686 1914 «significatae
739 1844 743 1851 '
770 1843 836 1908 554.
864 1844 920 1914 <lue
938 1843 1075 1918 quidquam.
1095 1843 1145 1894 Ms.
1166 1842 1238 1914 Lips.

173 1921 250 1975 nullo
263 1921 344 1975 modo
357 1923 476 1987 mentiri,
490 1921 581 1976 desua
593 1924 686 1976 fallen·
728 1923 771 1976 ur.
785 1923 814 1975 Ζ.
829 1922 893 1996 quod
903 1922 984 1993 quide.
996 1943 1037 1965 -a-
1046 1921 1128 1993 Neque
1140 1940 1168 1972 eo
1177 1941 1239 1972 neore

175 1997 205 2052 di
220 2001 314 2072 peritia
329 2003 499 2072 gloriantem,
515 2015 541 2055 et
551 1995 684 2056 dicentem
727 2003 790 2068 dieo,
804 2023 850 2074 quo
865 2013 913 2054 etc.
926 2003 997 2054 Bene
1011 2009 1104 2072 purget
1116 2000 1155 2057 id,
1172 2019 1236 2070 ques

174 2095 204 2132 se
227 2097 331 2151 semper
356 2094 479 2151 proestare
502 2081 577 2152 quod
605 2082 685 2136 suerit
727 2082 872 2136 immiserat
881 2081 1054 2151 suspiciones,
1067 2099 1101 2132 ne
1112 2099 1176 2132 voro
1183 2081 1236 2150 jam

175 2159 320 2229 pollicitus.
727 2161 817 2215 eredat
836 2159 1027 2214 adolescentem
1052 2160 1138 2212 filium
1164 2171 1239 2229 pater

217 2237 280 2292 550.
301 2239 355 2291 Fae
368 2258 434 2308 ergo.
457 2241 529 2310 Ergo
551 2238 580 2292 id
599 2241 684 2306 effice,
728 2241 788 2294 telin
805 2240 848 2293 rel
861 2241 962 2302 fecere,
982 2239 1024 2291 rel
1038 2238 1162 2310 cogitare·
1182 2238 1238 2288 Eu·

176 2329 206 2370 tu
219 2318 266 2388 qui
278 2319 475 2372 calles-Heus
486 2331 520 2371 tn.
532 2319 595 2372 Hoec
604 2319 685 2391 Syrus
726 2321 813 2390 graph.
824 2351 864 2364 -·-
878 2318 950 2370 Illum
967 2322 1076 2370 senserim
1083 2358 1090 2383 ,
1106 2319 1163 2370 rub.
1173 2321 1238 2385 eogi-

172 2395 209 2450 ed
222 2397 391 2452 Chremetem
405 2398 633 2468 parentemebire.
646 2431 686 2444 -·
728 2413 796 2462 tere,
814 2418 893 2469 egere·
947 2451 948 2455 ,
973 2453 977 2462 ,

174 2476 262 2529 Facito
273 2477 337 2530 dum.
353 2478 412 2530 Vox
426 2477 482 2530 diem
493 2478 613 2548 jungitur
625 2497 684 2532 ver-
770 2480 834 2536 555.
850 2482 952 2550 Quaerit
962 2481 993 2548 ej.
1003 2477 1109 2537 eenoid.
1118 2477 1238 2546 Gnyetus

173 2557 220 2622 bo,
234 2567 266 2609 nt
279 2575 363 2627 srepe,
387 2575 441 2627 quo
461 2556 543 2627 magis
560 2573 686 2628 augeatur
728 2561 784 2614 hese
792 2561 882 2626 verba,
892 2573 918 2613 et
927 2569 1146 2631 quoesequuntur,
1154 2572 1237 2625 usque

172 2635 214 2688 vis
227 2634 395 2692 adhortandi.
410 2635 453 2690 Sie
468 2636 583 2706 Agedum
593 2650 687 2692 etc-
728 2639 763 2694 ud
771 2639 999 2710 possim,delet,vs.
1014 2633 1233 2706 him—Nepam.

172 2715 269 2768 Erebm
283 2716 351 2780 lroeo,
366 2715 424 2768 suh.
444 2732 502 2788 quse
514 2733 586 2770 nunc
610 2720 677 2774 milri
729 2721 791 2772 vox
805 2717 1053 2774 haeuabestaldsrls.
1066 2729 1091 2769 et
1104 2717 1133 2768 in
1145 2713 1235 2778 Guell,

173 2793 251 2848 dicis.
264 2825 305 2838 -
325 2793 470 2849 Memineris.
489 2797 549 2848 Jam
563 2798 687 2867 providet
732 2790 1239 2869 „mnemianequis-..Viderlicad-

173 2873 283 2928 fallacie
303 2891 383 2945 quam
408 2887 495 2928 mente
518 2891 684 2947 conceperat,
727 2879 887 2933 notstBoth.
903 2869 1237 2945 «VulgoVides:Sedquid

142 2995 145 3004 .
173 2971 229 3024 quo
250 2953 353 3006 facilius
370 2966 501 3007 mereatur
522 2956 641 3022 venium,
662 2960 683 3010 si
727 2973 792 3013 tunc
816 2958 940 3011 iaciemus
955 2968 1078 3025 sequente
1094 2955 1159 3006 lit.-
1184 2956 1235 3006 Dat

173 3030 240 3104 quid
247 3032 371 3086 struxerit
380 3033 408 3085 in
422 3035 535 3099 herum3
550 3047 577 3088 et
592 3055 684 3090 revera
726 3058 789 3110 ergo
804 3038 870 3090 eide.
885 3034 981 3087 *Sed
992 3039 1014 3088 si
1027 3034 1098 3106 quid,
1112 3033 1235 3086 evenerit·

173 3124 322 3166 ttructnrut
336 3122 384 3164 θεῖ·
408 3113 494 3184 Calpi·
726 3119 805 3172 -Ne
813 3117 879 3190 quid,
885 3136 920 3170 sc.
930 3133 1079 3168 succenseas
1087 3112 1235 3166 mihi.Sunt

214 3189 279 3244 551.
294 3190 323 3242 Si
332 3192 390 3261 quid
398 3193 449 3261 huj.
460 3197 512 3246 sim.
520 3194 591 3256 sorte.
604 3195 682 3248 Both.
724 3198 944 3270 aposiopseee.-
953 3193 1040 3262 AEles,
1047 3205 1077 3245 ut
1085 3191 1235 3262 qureemori

172 3270 269 3324 eolloe.
290 3270 321 3325 Se·
339 3271 389 3342 huj.
410 3291 435 3343 q.
445 3273 507 3338 fort.
524 3275 576 3326 sehr.
594 3303 634 3316 ·-
655 3273 685 3327 Sa·
726 3277 848 3330 obnoxie.

174 3350 235 3421 quid
249 3351 318 3419 lmjm
340 3363 389 3404 etc.
406 3349 482 3403 Ordo
498 3363 551 3404 est:
573 3352 603 3406 Si
617 3356 684 3420 sorte
769 3357 834 3410 556.
855 3355 954 3409 Simus
971 3357 1062 3406 venian
1083 3349 1109 3402 Si
1122 3349 1150 3404 id
1162 3347 1235 3420 quod

174 3429 306 3502 αἰίφιαηιὶο
317 3434 426 3496 evenerit,
433 3441 459 3483 ret
470 3441 523 3482 tuus
528 3429 598 3500 filies
603 3433 684 3499 saetae
727 3449 800 3490 entes
809 3433 864 3487 dixi
872 3432 1022 3506 experieris,
1032 3429 1060 3484 id
1070 3441 1120 3494 est,
1146 3448 1236 3482 rerum

174 3509 271 3583 aliquid
282 3511 359 3562 sime'le
372 3511 448 3579 liujus.
460 3541 501 3554 -
510 3510 593 3564 Simile
606 3513 682 3582 hujus.
727 3516 901 3569 humanarum
915 3511 1075 3564 varietatem.
1085 3534 1125 3545 -
1138 3509 1238 3578 Magni·

173 3589 217 3642 Sc.
228 3590 309 3660 hujus
318 3590 378 3644 lecti
393 3589 493 3644 Cliniee.
725 3595 772 3666 fiee
785 3606 895 3646 tremere.
912 3589 1063 3644 eddversns
1074 3599 1099 3640 te
1109 3589 1238 3660 insignem

218 3669 284 3722 ⁵52.
312 3670 410 3722 Utrum
419 3671 531 3724 humana.
548 3671 626 3724 Both.
642 3672 685 3724 liu·
729 3675 844 3744 aliquem
858 3670 985 3725 fabricare
1000 3667 1158 3723 sedecima
1178 3669 1239 3722 Hoc

177 3767 248 3800 meree
262 3752 299 3800 uti
311 3761 374 3802 sent.
397 3781 436 3792 -
461 3750 494 3803 lle
508 3763 564 3802 sunt
577 3752 688 3817 lemane,
731 3754 857 3808 submisse
873 3751 971 3803 dictum
982 3762 1025 3812 ,et
1035 3765 1097 3800 sene
1108 3749 1240 3800 comicum

176 3828 345 3896 suhmegolie.
357 3829 427 3880 Utse
436 3849 463 3882 se
476 3830 574 3884 hebent
585 3833 689 3902 negotis
733 3835 760 3887 in
772 3853 818 3886 ore
829 3831 926 3884 servili.
934 3828 993 3881 Nisi
1004 3828 1085 3898 Syrus
1096 3828 1165 3881 sorte
1176 3827 1241 3880 allu-

176 3907 303 3960 hurnena.
320 3907 374 3959 Pro
385 3925 479 3978 magus
496 3928 585 3964 rerum
597 3912 692 3965 hume·
736 3911 840 3967 ser-itud
849 3907 1088 3967 Chremetisverbs,
1098 3907 1243 3978 Magnorum

179 4005 274 4040 nerum
286 3986 418 4040 verhtete.
433 3989 469 4040 Et
490 3988 532 4043 his
547 3991 636 4044 verbis
651 3991 692 4044 in·
736 4011 798 4063 sepe
809 3992 955 4052 resumo.
968 3988 1027 4042 Hoc
1036 3983 1100 4040 dicit
1110 3999 1242 4057 preterea,

180 4065 240 4138 nuit
257 4065 418 4136 Clitiphonis
436 4085 561 4123 amorem.
739 4090 841 4126 memor
855 4067 998 4139 superioris
1020 4084 1059 4120 rs.
1069 4065 1244 4130 548:Etenim

965 4159 1062 4245 '25³
1178 4170 1181 4174 ’
