2890 4866
403 408 579 478 vtcrou
606 409 671 480 DE
698 399 948 482 COMOEDIA.
1127 436 1206 486 nvn

131 541 230 614 beuti
248 541 360 610 animo
375 537 556 610 calumnias
573 538 715 612 aliorum
733 541 848 614 audire
866 541 1051 614 videantur.
1069 543 1208 640 Ulysscs

130 650 249 744 itaque
265 643 386 743 plurali
406 671 547 717 numero
568 647 728 718 Fabulam
750 647 859 737 dedit,
880 673 954 745 quse
974 650 1073 722 totius
1094 653 1205 747 Odys·

133 781 201 826 scae
218 752 479 836 calumniaretur
497 753 678 824 historiam.
697 755 938 851 Aristophanes
955 781 1104 851 quoque,
1119 772 1207 854 post·

132 887 236 957 quam
256 886 319 931 suo
338 859 427 932 malo
443 873 560 930 contra
576 859 744 930 stimulum
763 860 870 932 calces
887 860 969 931 nihil
987 861 1099 934 valere
1118 865 1205 936 didi·

133 969 251 1055 cisset,
277 969 312 1037 in
337 966 475 1037 alteram
501 993 537 1038 se
562 967 704 1039 formam
734 970 828 1064 quasi
860 971 1000 1039 Proteus
1027 971 1209 1059 convertit,

131 1073 270 1144 AEolum
288 1073 414 1145 scilicet
438 1072 597 1146 Fabulam
622 1098 641 1144 a
667 1077 817 1170 Tragicis
836 1073 915 1147 olim
933 1073 1151 1164 celebratam3
1172 1079 1207 1149 in

133 1182 311 1252 Comicam
336 1181 557 1250 αἰολοσσικῶνα
582 1180 762 1252 deridendo
785 1184 998 1278 permutavit.
1030 1181 1091 1253 llle
1116 1182 1206 1254 idem

129 1289 375 1383 Aristophanes
395 1281 538 1376 (mirum
556 1281 666 1379 dictu)
683 1313 780 1360 nova
797 1290 896 1360 etiam
914 1288 1043 1360 initium
1066 1291 1202 1360 Comoe-

132 1391 200 1464 diae
212 1393 320 1482 dedit,
333 1393 423 1488 quod
437 1392 537 1466 velim
552 1393 623 1490 ejus
635 1397 768 1491 egregia
779 1395 876 1466 laude
885 1395 1011 1466 dictum
1026 1396 1206 1468 arbitreris.

133 1500 273 1596 Quippe
294 1526 399 1596 quum
419 1525 505 1570 unus
526 1502 596 1597 ipsc
615 1516 716 1597 queat
736 1501 874 1598 triplicis
895 1505 1082 1598 argumenti
1106 1519 1207 1598 poeta

131 1609 292 1702 reperiri,
311 1608 471 1703 siquidem
489 1622 524 1676 et
536 1605 654 1697 aliam,
672 1611 726 1680 cui
741 1635 865 1680 nomen
878 1623 929 1680 est
943 1608 1083 1698 Cocalo,
1099 1611 1206 1682 Fabu-

133 1711 201 1782 lam
220 1729 429 1784 commentus
450 1739 522 1785 esse
544 1714 677 1804 dicitur,
700 1716 734 1784 in
752 1741 819 1811 qua
844 1717 1010 1812 virginum
1035 1741 1206 1814 compree-

108 1843 111 1852 ’
134 1821 263 1908 siones,
278 1823 463 1917 agnitaeque
484 1822 690 1917 agitarentur
703 1814 891 1894 affinitates.
910 1826 1057 1893 Demum
1068 1823 1209 1896 Athenis

132 1927 360 1998 Macedonum
379 1926 561 2023 petulantia
579 1928 777 2024 subjugatis,
801 1954 857 1998 eas
881 1931 1039 2000 continuo
1057 1929 1208 2002 Fabellas

133 2031 235 2103 edere
252 2035 452 2104 studuerunt
467 2049 589 2130 poeta,
609 2035 731 2130 quibus
750 2035 883 2104 illorum
907 2035 1088 2131 impuritati
1110 2039 1205 2108 satis·

132 2138 261 2208 factum
289 2164 361 2211 esse
387 2140 565 2211 videretur.
595 2140 877 2235 Quandoquidem
904 2139 957 2212 uel
985 2166 1026 2210 ex
1057 2141 1208 2212 Athenaei

134 2249 361 2318 monumentis
378 2246 473 2318 facile
493 2271 669 2343 possumus
688 2247 893 2342 conjectare,
913 2247 1003 2343 quod
1022 2245 1107 2343 gulae
1125 2271 1208 2318 ven·

134 2353 263 2452 trisque
278 2355 414 2424 servitio
434 2355 637 2424 Macedones
655 2353 781 2425 fuerint
796 2355 1007 2450 emancipati·
1021 2353 1208 2424 Menander

134 2459 265 2552 itaque,
286 2485 354 2532 suae
375 2462 563 2556 tempestati
584 2485 712 2532 morem
735 2476 909 2555 gesturus,
931 2461 1139 2532 Comoediam
1166 2461 1211 2532 ah

137 2565 373 2659 Aristophanis
400 2566 525 2638 Cocalo
548 2565 685 2639 feliciter
707 2565 894 2640 admodum
915 2583 966 2638 est
994 2569 1206 2663 auspicatus:

136 2671 195 2741 cui
215 2673 262 2740 sic
277 2673 419 2744 Ovidius
437 2673 554 2745 alludit
568 2677 729 2745 Amorum
750 2677 803 2763 ll,
821 2671 885 2762 15,
908 2699 971 2772 17,
987 2676 1083 2746 uobis
1100 2675 1214 2752 obiter

137 2802 293 2874 quaenam
311 2779 437 2851 luerint
454 2779 526 2875 ejus
543 2795 741 2877 argumenta
756 2779 999 2852 demonstrans.

241 2947 319 3004 Dum
333 2944 420 3004 fallax
434 2965 551 3018 servus,
567 2945 660 3005 durus
672 2959 769 3025 pater,
783 2945 918 3026 improba
933 2947 1000 3005 lena

280 3041 410 3115 vixerit,
425 3055 455 3101 et
468 3043 607 3102 meretrix
620 3042 744 3117 blanda,
754 3043 935 3103 Menandros
947 3043 1010 3102 crit.

139 3200 244 3291 Quod
253 3225 315 3272 nos
320 3227 424 3298 quum
431 3205 552 3276 Gracco
560 3200 866 3274 carmineludentcs
879 3205 913 3272 in
923 3203 1215 3299 egregiamTeren·

139 3309 178 3378 tii
192 3306 324 3379 laudem
344 3309 641 3395 vertissemus‚tibi
657 3307 900 3404 pulcherrimos
911 3308 1076 3380 condendi
1086 3307 1214 3378 iambos

138 3413 271 3486 dedisse
289 3441 402 3488 ansam
422 3417 584 3488 videmur.
604 3419 770 3487 Caeterum
794 3415 857 3486 luit
873 3431 950 3487 octo
969 3431 1097 3486 tantum
1118 3416 1213 3484 annis

136 3519 253 3615 junior
273 3521 482 3610 alexandro,
498 3525 659 3619 sanguine
678 3521 797 3594 nobilis
815 3537 848 3593 et
869 3548 1000 3594 morum
1022 3523 1212 3616 integritate

138 3627 336 3722 praclarum
353 3629 557 3727 Alexideque
576 3624 628 3720 (ut
646 3623 803 3720 arbitror)
817 3642 1023 3727 praeceptore
1038 3629 1109 3723 jam
1130 3629 1211 3700 ado·

141 3731 268 3806 lescems
288 3736 368 3807 dare
386 3735 528 3808 Fabulae
544 3739 662 3833 coepit,
677 3761 751 3832 quae
771 3752 906 3808 centum
925 3749 959 3808 et
976 3751 1053 3808 octo
1071 3761 1212 3807 numero

140 3865 255 3912 coram
273 3841 471 3916 doctissimis
485 3846 672 3941 quibusque
690 3858 870 3930 steterunt,
881 3841 935 3913 vel
952 3845 1099 3940 quinque
1111 3865 1213 3939 supra

140 3964 299 4040 centum,
310 3967 351 4022 ut
362 3953 520 4024 cecinisse
532 3949 774 4048 Apollodorum
787 3949 916 4022 Gellius
928 3952 1052 4023 scribit
1061 3948 1211 4022 Tandem

141 4055 281 4128 Athenis
298 4058 333 4128 in
352 4060 458 4154 patria
476 4058 560 4132 duos
581 4072 614 4128 et
634 4059 874 4154 quinquaginta
895 4074 992 4129 natus
1009 4083 1113 4128 annos
1127 4056 1213 4138 ¹obiit
