2926 4858
292 407 528 484 PERLETUS
544 406 608 476 DE
623 406 762 476 METR.
781 405 972 475 TERENT.
1054 427 1180 473 cxxxix

101 537 223 610 reserat
235 536 393 612 eumdem
408 563 540 611 versum
550 553 664 608 utrum
680 563 740 633 per
751 536 878 609 iambos
887 561 930 606 an
939 561 1000 632 per
1013 535 1178 606 trochaeos

101 647 270 716 metiaris:
283 643 377 714 velut
394 646 429 714 in
446 646 637 716 actustertii
653 669 751 716 scena
766 658 899 739 quarta,
914 673 931 710 u
944 644 1081 712 Utinam
1095 642 1178 711 mihi

101 766 185 821 esset
205 749 334 846 aliquid
358 751 435 835 hic,
458 777 526 847 quo
552 778 642 822 nuno
664 777 717 850 me
742 753 945 848 praecipitem
968 748 1121 819 darom.»
1142 750 1176 818 Si

105 887 123 922 a
135 858 244 928 mihi»
264 858 368 928 facias
388 859 520 930 unicam
540 858 718 955 syllabam,
736 857 925 928 trochaicus
948 871 1019 927 est:
1035 856 1061 925 si
1079 856 1178 942 duas,

103 965 264 1034 iambicus
285 979 337 1034 est
352 991 359 1034 :
375 964 473 1059 quale
490 981 540 1036 est
561 968 643 1036 etin
660 980 754 1036 actus
772 990 808 1054 v,
825 989 913 1034 scen.
932 988 954 1033 1.
974 993 991 1028 <r
1005 962 1090 1032 Satis
1107 963 1176 1056 jam

103 1071 194 1152 satis,
216 1073 326 1157 Simo,
344 1087 492 1168 spectata
510 1098 588 1169 erga
609 1088 642 1143 te
662 1073 807 1143 amicitia
828 1087 878 1141 est
897 1095 981 1140 mea.
993 1096 1010 1130 >2
1027 1073 1113 1138 Item
1129 1093 1179 1137 se·

103 1194 225 1272 quens:
245 1208 263 1243 α
275 1179 363 1248 Satis
373 1178 489 1274 pericli
505 1182 591 1278 coepi
609 1179 715 1266 adire,
732 1177 849 1250 orandi
859 1177 929 1272 jam
943 1178 1044 1247 finem
1063 1174 1146 1245 face.
1157 1205 1175 1239 o

104 1283 195 1354 Licet
212 1308 276 1380 per
289 1285 419 1355 iambos
440 1285 494 1356 vel
513 1313 574 1384 per
595 1286 759 1358 trochaeos
780 1286 899 1356 metiri.
920 1285 1028 1382 Hujus
1050 1282 1178 1378 generis

106 1405 178 1460 sunt
190 1405 225 1462 et
241 1389 298 1460 alii
313 1389 511 1488 complures.

445 1603 840 1638 ...ι-...ψ-

296 1795 558 1876 PERLETI
593 1793 987 1883 DISSERTATIO
1092 1863 1095 1873 .

197 2001 286 2086 ou
318 1951 572 2090 Murrus
605 1999 1079 2090 ruuuurraurs.

545 2209 729 2234 *-

373 2381 466 2432 DUGB
493 2381 703 2432 PRAESERTIM
730 2381 914 2430 BENTLEIO.

158 2529 224 2620 Si.
241 2536 410 2610 iambicus
428 2561 543 2608 versus
555 2561 712 2606 senorum
729 2538 853 2633 pedum
869 2537 995 2606 Latinis
1010 2533 1179 2604 veteribus

115 2647 259 2714 senarum
275 2643 475 2728 vocabatur,
490 2668 510 2714 a
523 2643 647 2738 pedum
665 2659 700 2724 et
713 2646 839 2715 ictuum
856 2667 997 2714 nurnero
1008 2641 1179 2730 ,virtuo-

116 2749 207 2820 ratiue
221 2751 262 2820 Α.
280 2753 318 2821 Ρ.
328 2776 377 2820 ve.
388 2748 474 2824 251.
487 2777 576 2847 seqq.
590 2753 655 2822 Sex
670 2752 758 2822 enim
771 2750 955 2824 secundum
970 2748 1063 2820 illurn
1077 2749 1181 2820 habet

117 2853 190 2926 icore
209 2881 334 2949 versus,
345 2859 512 2943 senarium
538 2872 572 2931 et
590 2872 703 2932 tamen
728 2864 899 2934 armenus
917 2860 987 2928 sive
1005 2854 1177 2928 ternarias

117 2961 229 3034 Grecis
242 2979 401 3053 vocatur,
421 2966 516 3060 quasi
534 2980 601 3036 tres
623 2980 753 3035 tantum
770 2967 855 3034 ictus
877 2964 1031 3034 redderet
1050 2962 1093 3032 ob
1115 2987 1176 3058 pe-

118 3063 160 3137 dis
172 3067 387 3156 celeritatem,
400 3074 585 3166 prasertim
599 3097 703 3166 quum
719 3085 810 3144 totus
823 3071 947 3142 iambis
960 3072 1053 3166 puris
1064 3069 1179 3140 decur

119 3173 161 3242 n'r.
175 3177 283 3248 Latini
297 3179 400 3272 igitur
420 3204 482 3274 per
494 3171 698 3272 μονοποδίαν,
717 3181 871 3273 sr'rrgulos
889 3177 1008 3274 pedes,
1024 3176 1087 3246 hos
1105 3201 1178 3245 ver·

120 3302 165 3350 sus
182 3283 393 3372 dividebant3
412 3288 522 3357 Graeci
538 3312 598 3380 per
614 3277 780 3368 διποδίαν,
799 3311 858 3356 scu
877 3289 1083 3381 geminatos.
1096 3282 1180 3353 lude

121 3389 166 3478 qui
181 3391 304 3462 Graecis
315 3407 373 3462 est
389 3405 617 3477 tetrametrus,
633 3393 779 3462 Varroni
795 3417 815 3460 a
829 3393 953 3487 pedum
971 3414 1112 3458 numero
1127 3402 1178 3461 est

122 3499 303 3568 octonarius.
327 3502 372 3568 Et
392 3502 529 3569 omnino
556 3500 736 3571 iambicum
766 3489 869 3570 him,
882 3496 1021 3596 pedibus
1046 3493 1181 3580 scandi,

123 3615 201 3672 rems
218 3605 404 3676 institutum
421 3621 482 3677 est.

164 3715 192 3815 S
209 3734 361 3818 Motus,
381 3733 551 3825 percussio
564 3731 702 3802 dicitur:
717 3733 793 3830 quia
810 3730 951 3808 tibicen,
965 3727 1046 3797 dum
1061 3725 1177 3844 rhytir-

126 3851 200 3900 mum
217 3848 248 3904 et
266 3850 399 3932 tempus
417 3839 669 3924 moderabatur,
686 3854 737 3908 ter
757 3841 791 3906 in
810 3839 981 3922 trimetro,
1005 3848 1122 3928 quater
1145 3857 1178 3902 m
1287 3893 1291 3902 .

125 3946 314 4026 tetrametro,
326 3941 435 4014 solum
452 3944 537 4039 pede
551 3946 689 4015 feriebat
702 3948 748 4014 sic
762 3971 769 4012 :
782 3949 824 4016 In
837 3943 905 4013 heic
918 3943 1095 4013 habitasse
1099 3934 1180 4037 pla'a

127 4055 173 4110 teo
182 4045 346 4120 dictmn'st
359 4041 577 4140 Chrffsr‘dem
592 4077 637 4140 er,
647 4057 775 4122 Animo
789 4075 880 4122 nitur
888 4049 968 4142 jum
982 4051 1092 4120 ὀιίωο
1105 4070 1180 4124 esse
