2926 4858
240 427 367 474 Lxxxvv
592 408 660 476 DE
687 407 956 476 THEATRO.

240 527 332 622 quod
352 527 387 596 in
403 551 443 596 eo
461 550 705 624 nonnunquam
723 529 865 624 pedibus
883 524 1162 624 gesticulareutur
1177 527 1312 598 histrio·

239 661 298 707 nes
316 640 351 706 in
373 653 509 708 actuum
526 641 800 710 commutatione.
821 638 993 735 Pulpitum
1012 638 1047 706 in
1065 661 1164 708 seena
1178 637 1312 734 (Greci

236 747 340 841 λόγιον
352 749 557 846 vocabant),
577 748 670 820 loeus
687 765 759 819 erat
776 752 811 820 in
830 773 929 847 quem
949 747 1130 843 prodibant
1148 763 1311 819 actorese

238 857 359 936 casulis
375 875 435 929 aut
451 858 664 930 domunculis
679 860 747 929 suis
768 860 925 946 scenicis,
944 857 987 928 ad
1005 858 1213 929 recitandum
1227 884 1236 929 τ
1248 884 1311 930 uo-

237 970 298 1039 stri
314 985 434 1040 vocant
443 969 999 1068 [esplanchesAEuitexactissime
1012 970 1113 1038 situm
1127 984 1206 1038 ante
1217 968 1311 1039 fron·
1342 984 1360 1018 '-

237 1093 305 1148 tem
325 1105 452 1168 scenae,
473 1094 507 1150 et
527 1079 601 1150 loco
621 1081 724 1176 ipsius
741 1080 874 1169 medio,
894 1080 953 1175 qui
970 1079 1107 1150 Theatri
1125 1095 1241 1150 centro
1258 1081 1321 1149 re·.¹

113 1188 119 1201 ’
236 1191 439 1286 sponderet;
458 1215 589 1287 semper
606 1190 756 1286 ligneum
774 1190 857 1279 fuit,
875 1205 976 1286 atque
994 1188 1187 1285 elemptim,
1206 1190 1309 1260 etiam

236 1303 263 1370 si
280 1327 380 1371 scena
397 1301 539 1371 structili
559 1302 697 1371 materia
718 1315 911 1371 constructa
928 1300 1055 1370 fuisset.
1076 1299 1311 1370 Eximebatnr-

235 1436 301 1506 que
315 1413 350 1481 in
363 1410 568 1482 athletarum
580 1426 614 1482 et
628 1411 852 1506 gladiatorum
865 1408 1079 1507 spectaculis,
1097 1434 1197 1480 scena
1207 1409 1310 1480 nibil·

235 1523 370 1591 ominus
383 1522 514 1618 integra
529 1537 695 1592 manente.
707 1520 812 1592 Paulo
825 1520 925 1591 altius
934 1519 1110 1590 videbatur
1120 1520 1188 1589 ima
1202 1543 1311 1589 scenae

230 1633 390 1727 porticu,
409 1633 443 1702 in
463 1658 530 1728 qua
548 1647 700 1704 actorum
718 1631 836 1701 domos
857 1631 1056 1701 constitutas
1076 1655 1147 1700 esse
1171 1629 1311 1700 diceba·

233 1766 330 1812 mus:
351 1741 394 1812 ad
412 1742 501 1812 idem
517 1742 639 1813 leniter
654 1741 878 1812 ascendebant
894 1755 1024 1812 actores
1042 1741 1319 1836 pronuntiaturi..

235 1854 328 1923 haud
340 1879 441 1948 ¹aeque
462 1851 600 1949 longum
618 1852 682 1923 fuit
701 1868 800 1947 atque
819 1853 890 1947 ipsa
912 1877 1031 1941 scena,
1049 1850 1156 1921 altum
1178 1865 1311 1921 tantum

235 1979 307 2035 erat
325 1963 426 2059 pedes
445 1966 611 2061 quinque,
626 1979 682 2052 ut,
697 1965 755 2059 qui
769 1963 804 2033 in
818 1963 990 2033 orchestra
1004 1963 1170 2047 sederent,
1179 1960 1312 2032 facilius

236 2073 361 2171 pedum
379 2076 542 2146 motiones
557 2089 591 2146 et
608 2073 757 2170 singulos
773 2074 944 2170 agentium
963 2089 1075 2169 gestus
1088 2070 1300 2170 perciperent
1323 2083 1327 2092 '

237 2186 278 2256 Id
297 2185 463 2282 spatium,
489 2185 583 2281 quod
602 2185 761 2278 utrinque
779 2209 799 2254 a
820 2183 956 2281 pulpito
974 2183 1016 2255 ad
1034 2198 1214 2255 extremam
1240 2209 1313 2254 sce·

237 2320 316 2364 nam
332 2307 475 2364 vacu'um
492 2293 760 2388 relinquebatur,
773 2294 882 2364 Graeci
898 2296 1065 2366 vocabant
1074 2295 1312 2383 Proseenium',

236 2431 280 2474 ne
300 2405 376 2499 quis
396 2404 561 2474 existimet
586 2403 687 2473 fuisse
713 2428 818 2473 scente
842 2401 956 2476 latera.
978 2406 1128 2476 Periacta
1147 2420 1314 2476 vocarunt

237 2514 354 2583 Graeci·
368 2514 403 2582 in
429 2513 537 2584 scenis
557 2515 625 2584 suis
643 2529 773 2603 turres,
797 2530 855 2586 aut
875 2516 1065 2600 machinas,
1082 2517 1231 2611 trigenas
1250 2515 1313 2586 ha-

237 2621 434 2712 bentes‚vel
449 2622 784 2719 triangulares,miro
798 2627 940 2698 artificio
954 2642 1178 2714 constructas,
1192 2626 1228 2695 in
1241 2651 1314 2697 uno

237 2749 340 2828 atque
358 2733 466 2804 altero
482 2759 587 2804 scenae
603 2733 706 2804 latere
726 2738 864 2832 positas,
881 2740 982 2808 variis
1005 2737 1174 2808 coloribus
1190 2761 1314 2807 secun-

239 2843 321 2912 dum
340 2844 482 2940 angulos
500 2845 695 2934 distinctas,
713 2849 883 2919 versatiles
895 2873 905 2938 3
918 2865 957 2920 ut
973 2851 1061 2921 inter
1075 2847 1315 2946 spectandum,

237 2952 320 3024 dum
337 2957 441 3025 animi
459 2956 502 3027 ad
523 2957 702 3027 histriones
716 2958 818 3052 paulo
833 2961 1027 3030 attentiores
1043 2975 1169 3047 essent,
1190 2960 1314 3055 paula-

237 3066 300 3134 tim
323 3063 595 3154 revolverentur,
619 3082 652 3136 et
679 3067 781 3138 modo
811 3069 942 3151 rubrae,
962 3069 1063 3140 modo
1086 3068 1230 3152 virides,
1255 3086 1316 3142 aut

235 3173 377 3246 alterius
397 3175 520 3246 coloris
533 3193 755 3273 apparerent;
772 3204 846 3273 quae
862 3203 997 3250 resnou
1011 3205 1148 3274 parvam
1161 3177 1315 3250 oblecta·

236 3287 366 3358 tionem
379 3287 608 3382 spectantibus
623 3287 794 3358 afferebat.
809 3293 888 3379 fla,
906 3314 1011 3384 quum
1031 3288 1221 3358 fabularum
1239 3315 1315 3359 mu·

166 3475 168 3478 ,
238 3401 381 3469 tationes
400 3413 495 3476 eraut
512 3398 647 3486 futurae,
667 3425 725 3469 seu
739 3403 890 3471 Deorum
903 3399 1065 3469 adventus
1080 3424 1157 3469 curn
1177 3399 1314 3469 tonitri-

237 3507 301 3576 bus
322 3509 519 3602 repentinis,
537 3508 777 3596 versabantur,
792 3509 1034 3604 mutabantque
1052 3511 1195 3604 speciem
1210 3533 1315 3579 orna-

237 3615 341 3684 tionis
360 3617 394 3684 in
422 3617 558 3688 frontes.
582 3621 634 3688 Ex
650 3618 690 3686 iis
709 3619 914 3714 projectitios
939 3619 1033 3718 ignes
1059 3620 1256 3706 vibrabant,
1276 3620 1315 3689 in

239 3725 279 3794 iis
297 3723 470 3820 fingebant
487 3727 655 3814 tonitrua,
679 3726 828 3823 pluvias,
845 3743 880 3800 et
900 3728 1064 3826 quidquid
1081 3733 1116 3800 iu
1135 3729 1314 3824 Tragoedia

239 3835 461 3906 admiratione
479 3837 619 3935 dignum
640 3839 724 3927 fuit;
740 3840 797 3910 sed
815 3840 881 3912 hoc
896 3843 1039 3911 maxime
1068 3843 1103 3910 in
1121 3839 1314 3912 honorifico

239 3959 272 4014 et
285 3961 481 4042 sumptuoso
499 3950 748 4021 Comoediarum
767 3966 826 4020 aut
838 3951 1091 4047 Tragoediarum
1103 3955 1242 4046 'genere
1254 3954 1314 4020 Se-

238 4051 386 4124 eundum
401 4054 574 4150 aspiciare,
597 4083 717 4152 nempe
732 4055 774 4128 ad
789 4073 894 4132 seeuae
909 4056 1029 4146 latera,
1044 4057 1162 4127 itinera
1173 4072 1206 4126 et
1224 4061 1313 4130 Ver·-
