3032 4864
410 413 617 482 tunum.
645 413 752 482 scr.
776 415 820 500 v,
847 415 1010 494 suut.
1171 413 1238 487 ηδ

178 549 239 616 Pu.
256 545 397 615 Memini
413 571 421 612 ε
438 560 537 638 atque
554 543 638 613 adeo
653 542 790 638 longum
806 542 846 614 'st
862 568 923 613 uos
940 543 1034 613 illum
1050 561 1242 642 exspectare

336 651 416 720 dum
436 665 540 720 exeat.

179 761 323 852 Sequere
338 756 403 825 hac
418 781 473 825 me
489 758 578 827 intus
593 756 635 826 ad
654 755 844 851 Glycerium
864 781 961 826 nuuc.
973 759 1043 846 Tu,
1061 760 1175 847 Dave,
1190 761 1245 830 abi

335 862 492 948 domum,
948 953 951 960 γ

179 972 323 1065 Propere
340 993 486 1057 arcesse,
500 969 579 1040 hinc
597 970 654 1063 qui
671 968 823 1038 auferant
839 991 922 1036 eam.
938 968 1029 1059 Quid
1050 970 1138 1040 stas?
1152 971 1242 1061 Quid

336 1074 467 1146 cessas?
478 1078 554 1145 'Da
573 1077 635 1144 Eo.
1204 1099 1243 1149 ⁹⁸⁰

178 1182 228 1250 Ne
248 1184 443 1275 exspectetis
463 1181 545 1250 dum
563 1195 681 1251 exeant
696 1181 764 1250 huc
780 1205 787 1248 :
802 1182 890 1251 intus
907 1181 1188 1276 despondebitur:

177 1289 270 1356 lutus
288 1290 505 1382 transigetur,
521 1289 548 1357 si
566 1286 646 1382 qnid
664 1287 819 1382 estquod
839 1301 951 1358 restet.
966 1286 1128 1358 Plaudite.
1203 1317 1242 1369 „a

219 1496 286 1565 978.
306 1493 415 1548 Mentiri.
429 1493 491 1550 Non
503 1493 646 1547 obliviscor
660 1504 688 1547 te
732 1493 1241 1568 citator.-Guell'.1npluribuceditio-

178 1575 317 1646 respicere.
337 1607 378 1618 -
391 1574 481 1640 Adeo,
499 1574 586 1627 ctiam.
601 1605 641 1616 -
655 1574 688 1626 il·
733 1573 930 1644 nibus,legitur
942 1578 968 1626 Ω
984 1575 1108 1630 Plaudite.
1119 1578 1182 1634 Non
1190 1600 1244 1636 una
1263 1613 1265 1618 .

177 1654 227 1705 lum
236 1671 273 1706 sc.
283 1654 462 1720 Chremetem,
470 1665 564 1725 utpote
572 1652 619 1725 qui
626 1670 687 1707 cnm
733 1651 900 1706 eruditorum
919 1653 1060 1708 bominum
1074 1655 1109 1710 de
1122 1658 1243 1715 hacnota

180 1732 290 1786 Critone
299 1732 443 1788 intraverat
464 1732 534 1788 tedes
557 1732 687 1804 Glycerii.
733 1727 784 1795 (a)
798 1745 837 1786 est
860 1734 998 1788 sententia.
1020 1736 1120 1791 Petitus
1139 1759 1172 1793 cx
1191 1739 1242 1794 du-

219 1831 286 1883 979.
307 1813 408 1886 Sequere
427 1815 472 1866 luno
492 1833 528 1866 me
548 1825 593 1866 eto.
616 1813 686 1866 Don.
731 1811 796 1885 plici
811 1831 823 1865 a
837 1831 860 1877 o,
871 1809 900 1864 id
913 1825 960 1878 est,
974 1815 986 1866 t
998 1815 1085 1882 ὄχλος,
1099 1820 1193 1885 turba,
1203 1839 1244 1874 ca·

176 1889 280 1964 Sequere
305 1913 341 1945 rue
367 1896 430 1947 intus
453 1893 520 1965 opud
540 1892 687 1967 Glycerium.
731 1903 818 1956 terra,
842 1890 916 1963 quod
935 1891 964 1944 iu
985 1891 1085 1948 Grecis
1107 1898 1244 1953 comoediis

179 1971 252 2025 licut.
275 1987 402 2045 sequente
412 1974 518 2028 Botbio.
532 1972 560 2025 S.
573 1972 630 2024 Hac
640 1991 686 2034 me,
735 1971 902 2043 appositum,
924 1977 953 2025 τὸ
968 1992 987 2024 u
999 1986 1092 2028 natum
1102 1994 1157 2029 esse
1168 1992 1243 2032 autu·

178 2053 242 2104 intus
253 2053 323 2122 opud
336 2051 410 2124 Glyo.
424 2073 487 2106 ruse
499 2064 543 2104 est.
559 2083 599 2093 —
612 2051 687 2115 Hac,
732 2062 795 2102 msc
813 2050 954 2116 nectens,
977 2065 1007 2105 ut
1026 2071 1081 2107 non
1100 2054 1192 2126 negat,
1214 2063 1242 2112 τὸ

178 2130 229 2184 bac
243 2131 294 2183 ria.
728 2129 840 2198 plaudite
861 2147 876 2182 a
894 2142 951 2184 toto
978 2131 1138 2186 bisti-ionum
1164 2153 1242 2208 grege

219 2211 284 2278 980.
301 2204 415 2278 Propere.
432 2212 513 2263 Zenu
531 2209 690 2278 Propem-
732 2207 811 2262 luisse
831 2209 1020 2276 acclamatum,
1032 2212 1069 2266 ita
1090 2213 1242 2282 contendit,

179 2285 379 2342 Hiueexdotno
390 2288 510 2360 Glycerii
524 2307 606 2361 quarn
619 2285 689 2340 desi·
732 2287 878 2360 antiquitus
900 2307 956 2343 uon
976 2311 1015 2354 a,
1032 2290 1106 2362 quod
1125 2293 1242 2348 Faernus

177 2368 508 2442 gunt—AusercutNirgo
515 2378 609 2440 nupta,
616 2367 690 2421 anti·
732 2369 860 2440 reperisse
873 2387 902 2422 se
912 2369 940 2421 in
954 2368 1092 2424 codicibus
1100 2375 1243 2428 vetustissi-

180 2465 235 2519 quo
241 2447 519 2512 ritu,aimu1abaturex
525 2446 626 2520 gremio
633 2465 689 2500 rua·
733 2449 783 2501 mis
793 2448 898 2513 scribit,
912 2442 958 2502 sed
972 2449 998 2504 G
1010 2451 1139 2522 scriptum
1153 2453 1242 2521 fuisse,

179 2526 227 2580 tris
234 2566 242 2591 ,
257 2539 317 2592 aut,
328 2527 351 2581 ti
363 2525 519 2588 eademst,
528 2526 690 2598 exproxime
733 2546 787 2598 quo
800 2527 869 2582 Grec
881 2528 1080 2584 fueritnotatns.
1094 2533 1214 2589 Dacieria
1223 2558 1242 2589 ω

178 2604 376 2660 necessitudine
394 2607 524 2672 muliere,
541 2607 612 2678 rapi;
626 2603 689 2660 inde
733 2625 747 2660 s
766 2607 882 2661 librariis
906 2605 1028 2664 additum
1049 2622 1185 2681 autumat,
1212 2629 1242 2669 ut

178 2684 313 2741 advirum
332 2687 559 2742 transferebatur:
574 2685 690 2758 quodea
732 2699 800 2740 esset
818 2687 923 2759 signum
942 2687 1020 2755 finis,
1037 2691 1175 2761 quomodo
1192 2694 1243 2748 ele·

179 2784 221 2820 res
244 2766 360 2821 Romulo
382 2767 490 2839 suisque
514 2765 625 2820 Sabinae
645 2783 689 2818 ra·
731 2778 853 2820 mentum
864 2771 907 2819 τοῦ
915 2767 981 2840 ἄλφα
989 2768 1069 2822 fuerit
1077 2773 1242 2841 premissum

179 2846 314 2916 pientibus
333 2846 442 2900 feliciter
456 2847 581 2901 cessisset
604 2845 688 2898 West.
732 2844 815 2899 initiis
839 2865 960 2918 operum.
976 2848 1036 2914 Qus
1056 2846 1091 2901 de
1104 2869 1134 2902 re
1145 2870 1240 2908 consu.

180 2956 220 2967 -
243 2926 313 2996 Quid
327 2921 399 2978 stas?
420 2927 490 2996 Quid
504 2919 606 2980 emas?
625 2925 689 2978 Huc
731 2925 805 2979 leudi
824 2925 981 2998 interpretes
1000 2925 1035 2980 ad
1055 2932 1241 3004 apocalypsin,

180 3004 334 3075 Pamphilus
352 3005 495 3077 respiciens
513 3019 602 3072 retro,
622 3003 689 3058 dum
737 3025 762 3070 1,
775 3009 801 3061 8.
829 3005 1106 3061 Westerltouius.-In
1119 3015 1244 3067 extremis

180 3083 311 3136 abitrum
325 3083 451 3138 Charino.
732 3085 852 3140 Terentii
858 3085 954 3139 fabulis
960 3087 1040 3142 rerba
1046 3089 1102 3142 brec
1108 3091 1240 3163 leguntur:

222 3165 287 3233 981.
301 3163 341 3218 Ne
351 3167 487 3234 exspectetis
498 3176 547 3218 etc.
556 3165 645 3217 Davus
654 3161 689 3217 ad
733 3165 900 3220 Csuurorrus
912 3185 1053 3222 massus.
1065 3169 1123 3223 Hoc
1132 3174 1242 3228 noudne

180 3254 347 3315 spectatores.
360 3274 401 3286 —
416 3243 515 3296 Eceaut
538 3245 591 3295 leue.
610 3243 688 3298 Both.
731 3245 916 3316 grammaticus
941 3245 1050 3319 quidam
1077 3248 1240 3323 designatur,

181 3324 363 3376 hire-Intus
375 3322 404 3375 in
417 3320 636 3394 domoGlycerii.
647 3355 688 3366 -
732 3324 778 3396 qni
794 3325 949 3379 Terentium
964 3326 998 3380 ad
1011 3327 1096 3398 prisca
1110 3337 1241 3404 exemplu·

183 3401 391 3475 Despondebitur,
417 3402 548 3474 sponsalia
561 3401 634 3455 fient.
648 3431 689 3444 ·-
731 3405 770 3458 ria
784 3405 913 3470 correxit,
930 3418 959 3458 ut
971 3408 1061 3478 plures
1079 3413 1241 3478 grammatici

185 3483 355 3552 Tremigetur,
368 3483 510 3538 conveniet
527 3495 553 3534 et
561 3481 688 3553 transige·
732 3482 804 3554 apud
817 3485 883 3538 alios
896 3485 1037 3557 scriptores
1048 3488 1182 3557 feces-uun
1197 3509 1242 3546 cn·

183 3574 226 3615 tur
237 3561 270 3615 de
278 3559 689 3631 dctePlrilumeuss,deChrysi·
731 3565 774 3635 J'us
800 3565 977 3630 recensionis,
1007 3567 1133 3637 quoniam
1160 3570 1242 3626 hodie

181 3638 686 3714 dishtereditate,dequcceterisrebus.
732 3644 854 3714 vestigia,
874 3663 933 3716 quae
953 3645 1061 3716 quidem
1080 3661 1150 3702 certa
1172 3651 1240 3718 sint,

210 3719 573 3790 982Ploudite.Consuetudc
582 3733 647 3784 erat,
658 3733 689 3774 ut
731 3723 863 3777 habentur
875 3725 960 3788 unda,
969 3744 1067 3778 nomeu
1078 3729 1156 3782 mane
1168 3749 1242 3804 repe-

181 3801 689 3874 populnalinitarecitationecumplau·
733 3803 905 3874 tereinsuper
921 3803 1064 3859 habuimus
1080 3825 1112 3861 ex
1125 3809 1241 3876 Bothio,

182 3879 692 3954 sudiscederet,adquemiuvitateosre·
735 3899 820 3954 aquo
831 3880 889 3938 lrssc
905 3897 1068 3940 mutuamur.

526 4039 896 4075 wau-...-
