2890 4866
251 415 464 486 DANlELlS
491 417 662 486 HElNSll
687 417 994 487 DISSERTATIO.
1058 443 1155 491 cxvrr

75 561 130 616 ut
152 549 198 615 ita
217 545 349 640 loquar,
372 561 631 642 expugnassent,
646 535 756 641 quam
769 563 808 616 ut
831 550 1000 618 minimam
1026 550 1155 620 Horatii

76 651 190 721 Oden
211 655 463 747 expressissent,
482 653 685 748 Morologias
705 655 740 723 in
758 651 874 723 Plauto
895 654 1056 744 dixerint3
1069 680 1153 726 non·

76 758 173 827 dum
190 757 303 848 video,
318 783 420 853 quare
434 761 594 854 Horatio,
609 774 648 828 ut
663 784 792 830 summo
805 761 1015 855 maximoque
1029 765 1155 846 Poetae,

78 865 138 932 ita
162 865 286 934 Critico
314 865 581 960 incomparabili,
601 890 699 960 quem
721 880 854 935 acutum
876 867 1077 961 doctumque
1095 870 1154 937 Vi·

80 994 169 1040 rum
187 972 256 1064 ipse
270 973 314 1042 D.
330 971 553 1066 Hieronymus
573 971 616 1040 ad
633 972 880 1041 Pammachium
899 973 1050 1058 vucavit,
1069 973 1153 1043 idem

79 1100 161 1145 non
179 1073 319 1146 licuerit.
333 1077 412 1170 Ejus
433 1100 511 1146 sane
527 1079 655 1171 generis
675 1094 771 1161 sunt,
790 1103 863 1172 quae
883 1080 917 1146 in
937 1078 1157 1173 Aristophane

80 1196 243 1269 accusat,
259 1207 397 1276 quaeque
419 1181 559 1251 trivialia
579 1185 707 1274 potitis,
728 1207 828 1278 quam
846 1199 883 1251 ut
897 1185 987 1255 Viris
1007 1184 1156 1270 eruditis,

81 1289 193 1357 etiarn
215 1289 250 1357 in
270 1311 368 1358 scena
386 1285 521 1382 placere'
533 1279 761 1374 autdeheant,
782 1303 839 1358 aut
861 1292 1005 1384 possint,
1024 1313 1158 1360 accura·
1253 1341 1257 1350 -

83 1407 148 1463 tus
168 1417 286 1463 censor
302 1393 499 1472 Plutarchus
517 1393 686 1488 judicavit.
706 1397 769 1463 Καὶ
788 1394 845 1490 γὰρ
866 1402 883 1463 ὁ
903 1398 957 1488 μὲν
975 1388 1158 1474 ἀπαίδευτος

85 1499 146 1567 καὶ
172 1491 314 1588 ἰδιώτης,
329 1497 372 1578 οἷς
389 1501 497 1580 ἐκεῖνος
517 1503 615 1594 λε’γει,
629 1500 786 1569 ἁλίσκεται
804 1529 811 1542 ·
832 1507 848 1568 ὁ
871 1493 905 1568 δὲ
920 1493 1159 1592 πεπαιδευμένος

89 1597 280 1697 δυσχερανεῖ
293 1653 302 1670 .
316 1607 404 1699 Λίγω
419 1598 454 1674 δὲ
473 1603 514 1674 τὰ
530 1607 689 1692 ἀντίθετα,
702 1609 753 1676 καὶ
767 1609 986 1698 ὁμοιόπτωτα,
1003 1607 1054 1675 καὶ
1066 1595 1160 1700 παρο-

85 1711 249 1804 νομασίας.
264 1713 392 1792 Τούτοις
413 1711 476 1807 γὰρ·
492 1719 508 1781 <l
526 1714 580 1805 μὲν
599 1711 679 1804 μετὰ
699 1724 756 1781 τοῦ
773 1717 980 1806 προσήκοντος
993 1713 1087 1808 λόγου
1107 1711 1159 1780 καὶ

88 1817 231 1912 ὀλιγάκις
250 1827 385 1914 χρῆται,
402 1817 572 1911 ἐπιμελείας
593 1815 674 1887 αὐτοὶ
693 1813 810 1896 ἀξιῶν·
832 1825 849 1886 ὁ
871 1811 907 1886 δὲ
925 1817 1092 1902 πολλάκις,
1106 1817 1157 1886 καὶ

89 1925 151 1991 οὐκ
167 1923 326 2018 εὐκαίρως,
343 1924 394 1992 καὶ
412 1922 543 2018 ψυχρῶς.
561 1927 605 1993 Et
623 1923 757 1994 adducit
772 1924 980 2018 exemplum:
1001 1939 1038 1993 ut
1055 1947 1158 2017 quum

89 2031 167 2108 τοὺς
181 2030 312 2122 ταμίας,
324 2029 437 2123 λαμίας
451 2043 558 2101 vocat.
574 2031 679 2114 Nam,
692 2054 764 2125 quae
780 2027 833 2098 ille
844 2029 886 2099 de
895 2029 1102 2116 Menandro,
1117 2029 1159 2097 ad

89 2137 286 2204 Terentium
305 2135 373 2205 fere
392 2138 504 2204 omnia
521 2134 636 2205 referri
654 2149 813 2230 possunt;
829 2137 863 2203 in
884 2159 950 2228 quo
972 2133 1055 2202 nihil
1074 2137 1159 2228 puti-

93 2241 179 2310 dum
201 2257 266 2328 est,
284 2256 343 2311 aut
361 2243 520 2336 ineptum.
543 2243 754 2335 Quamquam
776 2239 896 2327 multa,
920 2263 993 2334 quae
1013 2241 1159 2318 notavit,

94 2348 210 2442 potius
231 2348 366 2442 Antiqui
387 2347 515 2418 Comici
539 2349 695 2430 virtutes,
717 2369 815 2440 quam
836 2344 941 2429 illius,
963 2346 1004 2415 de
1026 2369 1092 2440 quo
1114 2343 1160 2411 ihi

91 2451 278 2546 judicavit,
296 2455 376 2522 vitia
394 2452 556 2524 censenda
585 2468 670 2522 sunt.
691 2454 849 2547 Princeps
873 2454 960 2520 enim
981 2453 1067 2520 inter
1088 2447 1160 2518 illos

93 2557 179 2644 fuit,
195 2573 229 2628 et
245 2559 287 2628 ad
304 2558 393 2653 leges
415 2582 469 2629 eas
492 2557 588 2654 plane
609 2583 643 2628 se
662 2559 867 2652 composuit:
882 2557 972 2651 qued
989 2557 1031 2626 de
1044 2555 1161 2626 Plauto

93 2689 197 2733 nemo
211 2664 307 2734 dicet.
322 2665 383 2734 Est
395 2679 430 2735 et
442 2663 616 2759 frigidum,
628 2663 716 2758 quod
729 2663 827 2756 longe
840 2662 883 2731 ab
895 2661 1060 2748 eofabest,
1071 2660 1163 2756 quod
1287 2695 1290 2700 ·

96 2785 158 2839 aut
169 2786 316 2853 esse,aut
329 2795 425 2866 posse
438 2770 511 2840 ficri
524 2784 670 2864 putatur.
676 2767 784 2859 Quale
792 2783 853 2856 est,
862 2792 997 2862 «pugno
1009 2767 1163 2861 frangere

99 2874 278 2971 elephanto
307 2877 528 2960 brachium»
554 2873 710 2945 «horiola
740 2877 774 2944 in
804 2873 929 2944 caelum*
945 2873 1125 2968 pervenire.
1141 2901 1159 2936 >r

97 2984 162 3052 Est
177 2997 211 3051 et
232 2982 405 3078 frigidum,
423 3005 525 3077 quum
541 2983 587 3050 ita
606 3006 627 3049 a
643 2979 791 3052 familiari
814 3003 965 3049 sermone
982 2979 1088 3048 oratio
1106 3002 1162 3046 re-

98 3088 204 3174 cedit,
230 3103 268 3156 ut
293 3088 336 3158 ad
361 3113 457 3158 usum
480 3085 620 3182 amplius
641 3085 812 3156 transferri
835 3100 989 3179 nequeat.
1007 3083 1086 3152 Tale
1113 3098 1162 3154 est

99 3192 184 3264 illud
204 3193 348 3264 ibidem:

182 3350 213 3409 Si
225 3362 292 3408 autc
306 3350 400 3408 lucem
412 3351 454 3408 ire
466 3351 592 3430 occipias
603 3371 620 3410 a
631 3370 697 3410 meo
713 3351 808 3430 primo
821 3351 951 3442 nomine,

181 3447 363 3506 Concubium
376 3449 413 3508 sit
424 3449 533 3519 noctis,
548 3450 716 3526 priusquam
729 3447 766 3507 ad
779 3461 957 3526 postremum
966 3442 1140 3530 perveneris.

102 3611 238 3681 Crescit
257 3623 367 3679 tamen
387 3608 558 3704 frigidum,
575 3633 676 3703 quum
701 3607 792 3677 addit
809 3607 915 3684 alten

183 3779 267 3853 Opus
279 3773 340 3831 lace
351 3785 393 3832 est
405 3785 434 3832 et
446 3772 552 3831 viatico
565 3773 602 3831 ad
616 3786 698 3832 tuum
713 3791 834 3842 nomen,
848 3785 880 3830 ut
893 3782 924 3827 tu
940 3769 1088 3847 praedicas.

101 3933 187 4022 Quae
211 3934 237 4001 si
263 3931 380 4025 perlem
398 3955 502 4000 unum
520 3945 614 4001 extra
639 3955 772 4006 scenam
795 3929 899 4018 feras,
915 3932 1065 4025 protinus
1081 3931 1167 4022 puti·

102 4053 196 4110 scent
209 4038 386 4132 :nequead
398 4061 491 4107 usum
504 4037 662 4138 applicari
673 4051 837 4132 poterunt.
847 4035 967 4126 Qualia
975 4061 1038 4105 nec
1048 4037 1168 4132 Scipio,
1204 4038 1211 4052 '

966 4153 1008 4242 h.
