2926 4858
276 411 398 462 cxxxvr
529 389 740 459 ERASMUS
767 390 1083 460 ROTERDAMUS

257 560 263 574 .
277 522 333 592 illa
349 519 541 617 peculiaris,
559 522 648 616 quod
664 548 726 616 pro
749 523 931 619 penultima
950 522 1050 616 longa
1068 522 1163 614 ponit
1179 520 1344 590 interdum

278 631 360 699 duas
374 629 501 698 breves.
518 628 716 724 Exemplum
737 644 786 699 est
804 631 839 698 in
856 644 948 699 actus
971 629 1079 724 quarti
1093 651 1190 697 scena
1201 626 1346 696 secunda

277 727 475 824 (Andriae):
495 764 511 800 a
528 738 602 804 Iam
621 736 679 804 ubi
696 737 754 806 ubi
769 738 849 818 erit,
871 738 1043 806 inventum
1067 733 1126 802 tibi
1151 733 1298 818 curabo,
1314 747 1346 802 et

278 866 410 911 mecum
426 841 607 912 adductum
623 871 632 910 :
647 872 665 908 n
680 842 734 913 bie
750 841 932 937 penultima
947 840 1109 934 producta
1128 854 1187 908 est.
1201 839 1347 922 Ibidem,

284 949 421 1016 «Orare
431 947 546 1041 jussit,
559 951 585 1017 si
598 973 632 1018 se
644 949 861 1036 ames,l1era,
870 948 940 1042 jam
954 947 997 1016 ad
1006 971 1077 1016 sese
1088 948 1209 1015 venias.
1219 975 1236 1011 n
1248 949 1347 1030 Item,

284 1084 302 1120 e
316 1058 412 1123 Hanc
430 1056 589 1150 expetivi,
606 1057 759 1150 contigit,
780 1056 984 1125 conveniunt
1000 1077 1129 1140 mores,
1141 1051 1302 1121 ‘valeantt
1325 1082 1343 1117 u

279 1164 313 1231 in
325 1161 375 1230 his
389 1186 452 1255 pro
465 1160 646 1256 penultima
661 1160 758 1256 longa
774 1176 946 1255 ponuntur
963 1160 1036 1229 duae
1051 1158 1176 1229 breves.
1190 1161 1260 1228 Hos
1271 1181 1347 1226 ver-

279 1293 335 1338 sus
348 1267 448 1336 etiam
462 1283 632 1338 scazontes
645 1267 824 1365 appellant.
840 1271 901 1337 Est
911 1268 1073 1337 scazontis
1090 1289 1193 1360 genus
1207 1265 1348 1334 diminu-

278 1390 351 1445 tum
368 1400 376 1442 :
393 1374 484 1468 quod
500 1373 641 1444 dimetro
663 1374 805 1444 iambico
822 1375 942 1443 accinit
958 1373 1042 1442 duos
1058 1372 1237 1458 trochaeos,
1255 1368 1347 1439 velut

280 1484 424 1550 inactus
442 1482 530 1549 tertii
549 1505 647 1550 scena
661 1481 815 1551 secunda.

338 1585 488 1661 «Adhuc
500 1586 653 1657 Archillis
662 1613 735 1682 quae
744 1585 1004 1657 adsolentmhic
1014 1585 1155 1656 dimeter
1163 1599 1221 1655 est.
1229 1585 1348 1675 «Quae
1384 1653 1389 1683 ,

280 1717 346 1787 que
363 1707 517 1788 oportet:
539 1723 556 1759 n
581 1693 648 1763 duo
666 1710 744 1764 sunt
764 1695 911 1764 trochaei.
934 1695 1061 1763 Contra
1077 1694 1110 1762 iu
1124 1691 1196 1761 aliis
1214 1691 1349 1761 additur

279 1823 338 1894 pes
357 1798 503 1894 legitimo
520 1825 669 1870 numero.
686 1803 824 1869 Interim
843 1801 934 1893 prior
951 1799 1106 1869 carminis
1123 1823 1200 1893 pars
1215 1811 1265 1867 est
1277 1812 1346 1866 tro·

280 1906 414 1994 chaica,
433 1908 596 2002 posterior
617 1906 775 1988 iambica,
797 1921 831 1976 et
846 1920 972 1976 contra.
996 1903 1230 2002 Admilscentur
1244 1907 1346 1972 inter-

279 2013 411 2082 dumet
431 2014 559 2099 cretici,
582 2013 650 2082 sive
670 2014 905 2109 amphimacri,
924 2013 981 2107 qui
1003 2035 1060 2108 pes
1081 2010 1223 2079 mediam
1243 2009 1347 2078 habet

279 2119 416 2188 brevem
434 2121 520 2192 inter
543 2133 708 2190 extremas
730 2118 867 2216 longas:
891 2120 938 2188 sic
956 2133 993 2187 ut
1011 2115 1130 2211 singuli
1148 2141 1263 2186 versus
1282 2117 1347 2184 ha·

279 2225 381 2295 beant
394 2240 573 2320 quaternos
591 2241 648 2296 aut
660 2242 772 2296 ternos
791 2226 948 2310 creticos,
961 2225 1023 2293 nisi
1037 2222 1127 2317 quod
1143 2222 1199 2292 hic
1213 2247 1347 2317 quoque

279 2346 459 2425 usurpatur
474 2331 608 2402 libertas
624 2335 767 2416 comica,
784 2333 869 2402 sicut
886 2334 920 2400 in
935 2331 1070 2400 caeteris.
1081 2328 1280 2424 Exemplum
1296 2345 1348 2399 cst

279 2439 314 2505 in
332 2441 442 2532 quarti
458 2453 552 2508 actus
569 2462 667 2510 scena
682 2439 810 2533 prima:
829 2468 846 2503 α
859 2442 909 2508 Ut
928 2435 1021 2506 malis
1042 2436 1225 2530 gaudeant,
1246 2450 1347 2530 atque

279 2568 320 2612 ex
336 2543 596 2615 incommodis.»
618 2545 773 2634 Quatuor
794 2546 906 2615 cretici
924 2558 1020 2630 sunt,
1042 2543 1104 2612 nisi
1119 2542 1209 2637 quod
1229 2545 1348 2613 tertius

278 2664 329 2719 est
349 2649 535 2745 spondaeus.
550 2651 694 2720 Ibidem:
711 2681 728 2718 ι(
739 2655 825 2721 Tum
837 2649 1121 2745 impudentissima
1135 2674 1251 2718 eorum
1268 2673 1347 2718 ora-

279 2757 328 2826 tio
347 2770 406 2826 est.
427 2786 444 2824 n
470 2760 551 2827 Tres
573 2757 676 2827 habet
698 2761 848 2829 creticos.
870 2758 1072 2852 Quanquam
1092 2755 1238 2825 arbitror
1252 2757 1347 2850 prius

279 2885 414 2935 carmen
434 2863 585 2934 vitiatum
606 2879 733 2934 mutato
751 2864 933 2934 dictionum
955 2862 1080 2932 ordine.
1093 2865 1241 2944 Etenim,
1257 2863 1285 2930 si
1299 2863 1348 2932 sic

279 2968 385 3064 legas,
403 2985 437 3039 et
457 2984 568 3040 tamen
581 2995 633 3040 res
651 2973 742 3066 cogit
755 2971 936 3065 denegare,
951 2969 1010 3043 Ibi
1018 2985 1088 3038 trun
1105 2993 1220 3038 eorum
1236 2973 1348 3064 impu·

278 3075 479 3148 dencasma
499 3082 611 3146 oratio
629 3093 698 3164 est,
720 3092 758 3146 ut
777 3078 940 3172 posterior
952 3098 1068 3145 versus
1089 3076 1230 3169 excipiat
1249 3099 1348 3168 syna·

278 3182 426 3277 loepham
452 3184 589 3277 prioris,
618 3208 752 3253 carmen
775 3183 881 3279 probe
902 3196 1040 3258 constat.
1062 3181 1208 3270 Quidam
1233 3195 1348 3250 tamen

277 3288 407 3359 malunt
428 3289 482 3358 hic
497 3315 567 3359 esse
584 3290 785 3359 Trochaicos
807 3288 1024 3359 catalecticos.
1048 3287 1183 3356 Iambici
1204 3289 1347 3358 trimetri

278 3395 406 3466 facilior
421 3410 471 3466 est
480 3396 640 3466 dimensio
651 3421 773 3490 ,quum
784 3395 1054 3490 penthemimeris
1063 3394 1136 3464 finit
1151 3393 1345 3464 dictionem.

277 3501 395 3597 Velut,
409 3533 426 3575 a
440 3501 607 3590 Effertur,
627 3505 753 3572 imus.»
777 3504 835 3590 Et,
859 3503 944 3572 «Sic
963 3501 1158 3597 cogitabam.
1174 3529 1192 3565 1>
1214 3499 1346 3570 Diffici-

276 3605 357 3696 lior,
375 3633 478 3706 ¹quum
500 3623 617 3680 contra
635 3636 642 3677 :
661 3623 718 3695 ut,
736 3611 916 3678 «Honesta
937 3623 970 3678 et
988 3607 1113 3677 liberali
1128 3633 1137 3678 :
1159 3607 1284 3677 accedo
1302 3606 1347 3677 ad

275 3713 505 3808 pedissequas:
520 3745 537 3782 »
552 3716 586 3783 in
602 3743 620 3780 a
633 3714 705 3783 be»
722 3739 848 3786 caesura
867 3730 927 3785 cst.
941 3714 1035 3785 Idem
1051 3713 1201 3784 efficiunt
1219 3713 1346 3784 crebrae

277 3819 496 3914 synaloephe:
514 3835 550 3890 ut
567 3822 628 3908 ibi,
649 3822 762 3909 «Quae
780 3821 825 3892 ibi
848 3820 1000 3908 aderant,
1022 3820 1107 3890 forte
1128 3843 1231 3890 unam
1252 3823 1345 3915 aspi-

276 3928 327 3996 cio
346 3926 668 4022 adolescentulam.»

327 4034 368 4100 In
388 4035 587 4122 tetrametris
610 4036 689 4104 item
721 4036 866 4104 iambicis
888 4060 927 4105 ac
954 4035 1130 4104 trochaicis
1152 4033 1270 4103 durior
1292 4048 1344 4102 est
