<?xml version="1.0" encoding="UTF-8"?>
<!DOCTYPE html PUBLIC "-//W3C//DTD XHTML 1.0 Transitional//EN"
    "http://www.w3.org/TR/xhtml1/DTD/xhtml1-transitional.dtd">
<html xmlns="http://www.w3.org/1999/xhtml" xml:lang="en" lang="en">
 <head>
  <title>
</title>
<meta http-equiv="Content-Type" content="text/html;charset=utf-8" />
  <meta name='ocr-system' content='tesseract 3.04.00' />
  <meta name='ocr-capabilities' content='ocr_page ocr_carea ocr_par ocr_line ocrx_word'/>
</head>
<body>
  <div class='ocr_page' id='page_1' title='image "./publiiterentiia04lemagoog/publiiterentiia04lemagoog_0068.png"; bbox 0 0 2890 4866; ppageno 0'>
   <div class='ocr_carea' id='block_1_1' title="bbox 266 395 1065 467">
    <p class='ocr_par' dir='ltr' id='par_1_1' title="bbox 266 395 1065 467">
     <span class='ocr_line' id='line_1_1' title="bbox 266 395 1065 467; baseline 0.003 -3"><span class='ocrx_word' id='word_1_1' title='bbox 266 417 356 466; x_wconf 78' lang='lat' dir='ltr'><strong>nvrrr</strong></span> <span class='ocrx_word' id='word_1_2' title='bbox 523 395 697 467; x_wconf 84' lang='lat' dir='ltr'>VICTOR</span> <span class='ocrx_word' id='word_1_3' title='bbox 724 397 786 466; x_wconf 87' lang='lat' dir='ltr'><strong>DE</strong></span> <span class='ocrx_word' id='word_1_4' title='bbox 813 395 1065 466; x_wconf 85' lang='lat' dir='ltr'><strong>COMOEDIA.</strong></span> 
     </span>
    </p>
   </div>
   <div class='ocr_carea' id='block_1_2' title="bbox 261 527 1349 4144">
    <p class='ocr_par' dir='ltr' id='par_1_2' title="bbox 261 527 1349 4144">
     <span class='ocr_line' id='line_1_2' title="bbox 265 527 1349 620; baseline 0.004 -22"><span class='ocrx_word' id='word_1_5' title='bbox 265 542 425 614; x_wconf 84' lang='lat' dir='ltr'><strong>mortem,</strong></span> <span class='ocrx_word' id='word_1_6' title='bbox 437 527 566 600; x_wconf 89' lang='lat' dir='ltr'><strong>decimo</strong></span> <span class='ocrx_word' id='word_1_7' title='bbox 584 529 709 600; x_wconf 89' lang='lat' dir='ltr'><strong>scilicet</strong></span> <span class='ocrx_word' id='word_1_8' title='bbox 723 543 801 600; x_wconf 85' lang='lat' dir='ltr'><strong>ante</strong></span> <span class='ocrx_word' id='word_1_9' title='bbox 813 527 938 599; x_wconf 89' lang='lat' dir='ltr'><strong>bellum</strong></span> <span class='ocrx_word' id='word_1_10' title='bbox 953 529 1209 600; x_wconf 86' lang='lat' dir='ltr'><strong>Macedonicum</strong></span> <span class='ocrx_word' id='word_1_11' title='bbox 1225 554 1349 620; x_wconf 84' lang='lat' dir='ltr'><strong>auno,</strong></span> 
     </span>
     <span class='ocr_line' id='line_1_3' title="bbox 264 635 1345 732; baseline 0.004 -28"><span class='ocrx_word' id='word_1_12' title='bbox 264 635 355 729; x_wconf 92' lang='lat' dir='ltr'><strong>quod</strong></span> <span class='ocrx_word' id='word_1_13' title='bbox 380 635 525 730; x_wconf 82' lang='lat' dir='ltr'>Pyrrhus</span> <span class='ocrx_word' id='word_1_14' title='bbox 556 661 633 707; x_wconf 89' lang='lat' dir='ltr'><strong>cum</strong></span> <span class='ocrx_word' id='word_1_15' title='bbox 660 636 785 732; x_wconf 93' lang='lat' dir='ltr'><strong>populo</strong></span> <span class='ocrx_word' id='word_1_16' title='bbox 811 639 965 706; x_wconf 88' lang='lat' dir='ltr'><strong>Romano</strong></span> <span class='ocrx_word' id='word_1_17' title='bbox 992 637 1091 732; x_wconf 81' lang='lat' dir='ltr'><strong>gessit</strong></span> <span class='ocrx_word' id='word_1_18' title='bbox 1119 637 1345 708; x_wconf 88' lang='lat' dir='ltr'><strong>acerrimum.</strong></span> 
     </span>
     <span class='ocr_line' id='line_1_4' title="bbox 262 740 1344 836; baseline 0.002 -26"><span class='ocrx_word' id='word_1_19' title='bbox 262 741 335 810; x_wconf 87' lang='lat' dir='ltr'><strong>Nec</strong></span> <span class='ocrx_word' id='word_1_20' title='bbox 353 740 430 811; x_wconf 80' lang='lat' dir='ltr'><strong>solae</strong></span> <span class='ocrx_word' id='word_1_21' title='bbox 443 743 576 836; x_wconf 90' lang='lat' dir='ltr'><strong>quidem</strong></span> <span class='ocrx_word' id='word_1_22' title='bbox 595 744 647 813; x_wconf 85' lang='lat' dir='ltr'><strong>hae</strong></span> <span class='ocrx_word' id='word_1_23' title='bbox 664 741 839 814; x_wconf 76' lang='lat' dir='ltr'>Menandri</span> <span class='ocrx_word' id='word_1_24' title='bbox 854 741 985 813; x_wconf 74' lang='lat' dir='ltr'><strong>Fabulae</strong></span> <span class='ocrx_word' id='word_1_25' title='bbox 1002 741 1224 813; x_wconf 81' lang='lat' dir='ltr'><strong>Macedonum</strong></span> <span class='ocrx_word' id='word_1_26' title='bbox 1244 743 1344 813; x_wconf 90' lang='lat' dir='ltr'><strong>lum·</strong></span> 
     </span>
     <span class='ocr_line' id='line_1_5' title="bbox 263 838 1344 940; baseline 0.002 -24"><span class='ocrx_word' id='word_1_27' title='bbox 263 846 324 916; x_wconf 92' lang='lat' dir='ltr'><strong>hos</strong></span> <span class='ocrx_word' id='word_1_28' title='bbox 342 839 395 934; x_wconf 83' lang='lat' dir='ltr'><strong>(ut</strong></span> <span class='ocrx_word' id='word_1_29' title='bbox 414 849 465 918; x_wconf 89' lang='lat' dir='ltr'><strong>his</strong></span> <span class='ocrx_word' id='word_1_30' title='bbox 485 863 561 918; x_wconf 90' lang='lat' dir='ltr'><strong>utar</strong></span> <span class='ocrx_word' id='word_1_31' title='bbox 577 849 679 919; x_wconf 89' lang='lat' dir='ltr'><strong>Persii</strong></span> <span class='ocrx_word' id='word_1_32' title='bbox 700 838 825 940; x_wconf 89' lang='lat' dir='ltr'><strong>verbis)</strong></span> <span class='ocrx_word' id='word_1_33' title='bbox 847 850 1031 934; x_wconf 86' lang='lat' dir='ltr'><strong>intravere,</strong></span> <span class='ocrx_word' id='word_1_34' title='bbox 1052 849 1109 918; x_wconf 87' lang='lat' dir='ltr'><strong>sed</strong></span> <span class='ocrx_word' id='word_1_35' title='bbox 1126 867 1160 918; x_wconf 92' lang='lat' dir='ltr'><strong>et</strong></span> <span class='ocrx_word' id='word_1_36' title='bbox 1175 848 1246 920; x_wconf 81' lang='lat' dir='ltr'><strong>atiae</strong></span> <span class='ocrx_word' id='word_1_37' title='bbox 1264 851 1344 918; x_wconf 79' lang='lat' dir='ltr'><strong>Di-</strong></span> 
     </span>
     <span class='ocr_line' id='line_1_6' title="bbox 263 951 1343 1052; baseline 0.003 -30"><span class='ocrx_word' id='word_1_38' title='bbox 263 951 346 1047; x_wconf 83' lang='lat' dir='ltr'><strong>phili</strong></span> <span class='ocrx_word' id='word_1_39' title='bbox 372 956 505 1049; x_wconf 91' lang='lat' dir='ltr'><strong>Sinopei</strong></span> <span class='ocrx_word' id='word_1_40' title='bbox 528 970 662 1026; x_wconf 88' lang='lat' dir='ltr'><strong>centum</strong></span> <span class='ocrx_word' id='word_1_41' title='bbox 683 954 951 1052; x_wconf 88' lang='lat' dir='ltr'><strong>Philemonisque</strong></span> <span class='ocrx_word' id='word_1_42' title='bbox 969 955 1164 1050; x_wconf 77' lang='lat' dir='ltr'>Syracusani</span> <span class='ocrx_word' id='word_1_43' title='bbox 1188 957 1343 1025; x_wconf 68' lang='lat' dir='ltr'><strong>hlcnam</strong></span> 
     </span>
     <span class='ocr_line' id='line_1_7' title="bbox 264 1059 1343 1157; baseline 0.004 -28"><span class='ocrx_word' id='word_1_44' title='bbox 264 1059 363 1129; x_wconf 84' lang='lat' dir='ltr'><strong>drum</strong></span> <span class='ocrx_word' id='word_1_45' title='bbox 382 1061 566 1131; x_wconf 76' lang='lat' dir='ltr'><strong>aemulantis</strong></span> <span class='ocrx_word' id='word_1_46' title='bbox 586 1062 654 1131; x_wconf 88' lang='lat' dir='ltr'><strong>fere</strong></span> <span class='ocrx_word' id='word_1_47' title='bbox 673 1061 810 1133; x_wconf 91' lang='lat' dir='ltr'><strong>totidem</strong></span> <span class='ocrx_word' id='word_1_48' title='bbox 833 1075 1051 1133; x_wconf 86' lang='lat' dir='ltr'><strong>accesserunt</strong></span> <span class='ocrx_word' id='word_1_49' title='bbox 1066 1065 1230 1132; x_wconf 81' lang='lat' dir='ltr'><strong>Praetereo</strong></span> <span class='ocrx_word' id='word_1_50' title='bbox 1246 1085 1343 1157; x_wconf 80' lang='lat' dir='ltr'><strong>quas</strong></span> 
     </span>
     <span class='ocr_line' id='line_1_8' title="bbox 263 1165 1342 1264; baseline 0.004 -29"><span class='ocrx_word' id='word_1_51' title='bbox 263 1165 503 1262; x_wconf 90' lang='lat' dir='ltr'><strong>Apollodorus,</strong></span> <span class='ocrx_word' id='word_1_52' title='bbox 525 1169 740 1264; x_wconf 87' lang='lat' dir='ltr'><strong>Posidippus,</strong></span> <span class='ocrx_word' id='word_1_53' title='bbox 764 1183 797 1238; x_wconf 86' lang='lat' dir='ltr'><strong>et</strong></span> <span class='ocrx_word' id='word_1_54' title='bbox 820 1167 1022 1264; x_wconf 72' lang='lat' dir='ltr'><strong>Philippides</strong></span> <span class='ocrx_word' id='word_1_55' title='bbox 1045 1167 1262 1256; x_wconf 86' lang='lat' dir='ltr'><strong>addiderunt,</strong></span> <span class='ocrx_word' id='word_1_56' title='bbox 1293 1193 1342 1239; x_wconf 87' lang='lat' dir='ltr'><strong>ac</strong></span> 
     </span>
     <span class='ocr_line' id='line_1_9' title="bbox 263 1273 1344 1368; baseline 0.002 -26"><span class='ocrx_word' id='word_1_57' title='bbox 263 1276 388 1361; x_wconf 73' lang='lat' dir='ltr'><strong>caeteri,</strong></span> <span class='ocrx_word' id='word_1_58' title='bbox 406 1300 489 1368; x_wconf 91' lang='lat' dir='ltr'><strong>quos</strong></span> <span class='ocrx_word' id='word_1_59' title='bbox 507 1299 593 1344; x_wconf 90' lang='lat' dir='ltr'><strong>nova</strong></span> <span class='ocrx_word' id='word_1_60' title='bbox 612 1275 783 1345; x_wconf 76' lang='lat' dir='ltr'><strong>Comoedia</strong></span> <span class='ocrx_word' id='word_1_61' title='bbox 801 1274 990 1346; x_wconf 88' lang='lat' dir='ltr'><strong>celebravit</strong></span> <span class='ocrx_word' id='word_1_62' title='bbox 1003 1273 1157 1344; x_wconf 81' lang='lat' dir='ltr'>Profecto</span> <span class='ocrx_word' id='word_1_63' title='bbox 1170 1275 1254 1344; x_wconf 88' lang='lat' dir='ltr'><strong>mira</strong></span> <span class='ocrx_word' id='word_1_64' title='bbox 1268 1273 1344 1345; x_wconf 88' lang='lat' dir='ltr'><strong>fuit</strong></span> 
     </span>
     <span class='ocr_line' id='line_1_10' title="bbox 262 1380 1345 1477; baseline 0.002 -29"><span class='ocrx_word' id='word_1_65' title='bbox 262 1380 491 1476; x_wconf 82' lang='lat' dir='ltr'><strong>Aristophanis</strong></span> <span class='ocrx_word' id='word_1_66' title='bbox 509 1380 670 1452; x_wconf 85' lang='lat' dir='ltr'><strong>felicitas:</strong></span> <span class='ocrx_word' id='word_1_67' title='bbox 688 1382 783 1476; x_wconf 89' lang='lat' dir='ltr'><strong>cujus</strong></span> <span class='ocrx_word' id='word_1_68' title='bbox 805 1405 872 1452; x_wconf 86' lang='lat' dir='ltr'><strong>uua</strong></span> <span class='ocrx_word' id='word_1_69' title='bbox 894 1380 1036 1453; x_wconf 80' lang='lat' dir='ltr'><strong>Cocalus</strong></span> <span class='ocrx_word' id='word_1_70' title='bbox 1054 1407 1073 1450; x_wconf 91' lang='lat' dir='ltr'><strong>e</strong></span> <span class='ocrx_word' id='word_1_71' title='bbox 1091 1382 1345 1477; x_wconf 84' lang='lat' dir='ltr'><strong>quinquaginta·</strong></span> 
     </span>
     <span class='ocr_line' id='line_1_11' title="bbox 262 1481 1337 1583; baseline 0.003 -28"><span class='ocrx_word' id='word_1_72' title='bbox 262 1501 405 1580; x_wconf 89' lang='lat' dir='ltr'><strong>quatuor</strong></span> <span class='ocrx_word' id='word_1_73' title='bbox 422 1481 490 1576; x_wconf 90' lang='lat' dir='ltr'><strong>(tot</strong></span> <span class='ocrx_word' id='word_1_74' title='bbox 513 1490 600 1558; x_wconf 88' lang='lat' dir='ltr'><strong>enim</strong></span> <span class='ocrx_word' id='word_1_75' title='bbox 620 1487 740 1558; x_wconf 91' lang='lat' dir='ltr'><strong>vidisse</strong></span> <span class='ocrx_word' id='word_1_76' title='bbox 762 1513 797 1558; x_wconf 90' lang='lat' dir='ltr'><strong>se</strong></span> <span class='ocrx_word' id='word_1_77' title='bbox 818 1489 965 1558; x_wconf 85' lang='lat' dir='ltr'><strong>Thomas</strong></span> <span class='ocrx_word' id='word_1_78' title='bbox 986 1489 1151 1583; x_wconf 83' lang='lat' dir='ltr'><strong>Magister</strong></span> <span class='ocrx_word' id='word_1_79' title='bbox 1166 1487 1229 1574; x_wconf 89' lang='lat' dir='ltr'><strong>ait)</strong></span> <span class='ocrx_word' id='word_1_80' title='bbox 1245 1487 1337 1558; x_wconf 86' lang='lat' dir='ltr'><strong>adeo</strong></span> 
     </span>
     <span class='ocr_line' id='line_1_12' title="bbox 262 1591 1340 1690; baseline 0.004 -30"><span class='ocrx_word' id='word_1_81' title='bbox 262 1591 384 1662; x_wconf 90' lang='lat' dir='ltr'><strong>multas</strong></span> <span class='ocrx_word' id='word_1_82' title='bbox 393 1592 600 1664; x_wconf 90' lang='lat' dir='ltr'><strong>diversorum</strong></span> <span class='ocrx_word' id='word_1_83' title='bbox 616 1609 789 1689; x_wconf 90' lang='lat' dir='ltr'><strong>poetarum</strong></span> <span class='ocrx_word' id='word_1_84' title='bbox 799 1593 942 1665; x_wconf 90' lang='lat' dir='ltr'><strong>Fahulas</strong></span> <span class='ocrx_word' id='word_1_85' title='bbox 958 1596 1241 1690; x_wconf 80' lang='lat' dir='ltr'><strong>procrearit,quoe</strong></span> <span class='ocrx_word' id='word_1_86' title='bbox 1253 1619 1340 1664; x_wconf 86' lang='lat' dir='ltr'><strong>cum</strong></span> 
     </span>
     <span class='ocr_line' id='line_1_13' title="bbox 263 1699 1338 1796; baseline 0.004 -30"><span class='ocrx_word' id='word_1_87' title='bbox 263 1714 400 1792; x_wconf 79' lang='lat' dir='ltr'><strong>parente</strong></span> <span class='ocrx_word' id='word_1_88' title='bbox 423 1725 484 1770; x_wconf 93' lang='lat' dir='ltr'><strong>suo</strong></span> <span class='ocrx_word' id='word_1_89' title='bbox 509 1699 705 1796; x_wconf 85' lang='lat' dir='ltr'><strong>reliquisque</strong></span> <span class='ocrx_word' id='word_1_90' title='bbox 721 1703 883 1771; x_wconf 87' lang='lat' dir='ltr'><strong>Veterum</strong></span> <span class='ocrx_word' id='word_1_91' title='bbox 909 1727 1003 1796; x_wconf 82' lang='lat' dir='ltr'><strong>paeue</strong></span> <span class='ocrx_word' id='word_1_92' title='bbox 1023 1701 1176 1772; x_wconf 90' lang='lat' dir='ltr'><strong>omnibus</strong></span> <span class='ocrx_word' id='word_1_93' title='bbox 1199 1701 1242 1769; x_wconf 90' lang='lat' dir='ltr'><strong>ab</strong></span> <span class='ocrx_word' id='word_1_94' title='bbox 1267 1725 1338 1770; x_wconf 89' lang='lat' dir='ltr'><strong>usu</strong></span> 
     </span>
     <span class='ocr_line' id='line_1_14' title="bbox 264 1805 1337 1904; baseline 0.002 -30"><span class='ocrx_word' id='word_1_95' title='bbox 264 1819 380 1875; x_wconf 91' lang='lat' dir='ltr'><strong>nostro</strong></span> <span class='ocrx_word' id='word_1_96' title='bbox 393 1805 576 1878; x_wconf 82' lang='lat' dir='ltr'><strong>suffurante</strong></span> <span class='ocrx_word' id='word_1_97' title='bbox 586 1822 736 1904; x_wconf 87' lang='lat' dir='ltr'><strong>tempore</strong></span> <span class='ocrx_word' id='word_1_98' title='bbox 749 1807 952 1878; x_wconf 78' lang='lat' dir='ltr'><strong>exciderunt.</strong></span> <span class='ocrx_word' id='word_1_99' title='bbox 960 1809 1095 1878; x_wconf 87' lang='lat' dir='ltr'><strong>Utinam</strong></span> <span class='ocrx_word' id='word_1_100' title='bbox 1106 1820 1271 1877; x_wconf 83' lang='lat' dir='ltr'><strong>exstarent</strong></span> <span class='ocrx_word' id='word_1_101' title='bbox 1278 1805 1337 1877; x_wconf 90' lang='lat' dir='ltr'><strong>vel</strong></span> 
     </span>
     <span class='ocr_line' id='line_1_15' title="bbox 265 1909 1334 2011; baseline 0.001 -31"><span class='ocrx_word' id='word_1_102' title='bbox 265 1909 457 1982; x_wconf 75' lang='lat' dir='ltr'><strong>dimidiatae!</strong></span> <span class='ocrx_word' id='word_1_103' title='bbox 487 1939 556 1983; x_wconf 91' lang='lat' dir='ltr'><strong>non</strong></span> <span class='ocrx_word' id='word_1_104' title='bbox 583 1915 668 1984; x_wconf 89' lang='lat' dir='ltr'><strong>adeo</strong></span> <span class='ocrx_word' id='word_1_105' title='bbox 693 1913 805 1984; x_wconf 85' lang='lat' dir='ltr'><strong>forsan</strong></span> <span class='ocrx_word' id='word_1_106' title='bbox 831 1916 864 1983; x_wconf 91' lang='lat' dir='ltr'><strong>io</strong></span> <span class='ocrx_word' id='word_1_107' title='bbox 891 1916 1064 2011; x_wconf 78' lang='lat' dir='ltr'><strong>praesentia</strong></span> <span class='ocrx_word' id='word_1_108' title='bbox 1088 1912 1234 1984; x_wconf 85' lang='lat' dir='ltr'><strong>Fabulas</strong></span> <span class='ocrx_word' id='word_1_109' title='bbox 1255 1937 1334 2008; x_wconf 88' lang='lat' dir='ltr'><strong>per-</strong></span> 
     </span>
     <span class='ocr_line' id='line_1_16' title="bbox 264 2019 1337 2116; baseline 0 -28"><span class='ocrx_word' id='word_1_110' title='bbox 264 2019 433 2113; x_wconf 90' lang='lat' dir='ltr'><strong>spiciendo</strong></span> <span class='ocrx_word' id='word_1_111' title='bbox 450 2023 700 2110; x_wconf 83' lang='lat' dir='ltr'><strong>caecutirernus;</strong></span> <span class='ocrx_word' id='word_1_112' title='bbox 718 2046 779 2090; x_wconf 92' lang='lat' dir='ltr'><strong>nec</strong></span> <span class='ocrx_word' id='word_1_113' title='bbox 795 2036 882 2092; x_wconf 90' lang='lat' dir='ltr'><strong>esset</strong></span> <span class='ocrx_word' id='word_1_114' title='bbox 899 2045 960 2091; x_wconf 92' lang='lat' dir='ltr'><strong>cur</strong></span> <span class='ocrx_word' id='word_1_115' title='bbox 978 2046 1041 2116; x_wconf 86' lang='lat' dir='ltr'><strong>ego</strong></span> <span class='ocrx_word' id='word_1_116' title='bbox 1062 2045 1122 2090; x_wconf 89' lang='lat' dir='ltr'><strong>vos</strong></span> <span class='ocrx_word' id='word_1_117' title='bbox 1142 2021 1337 2090; x_wconf 83' lang='lat' dir='ltr'><strong>semicaecus</strong></span> 
     </span>
     <span class='ocr_line' id='line_1_17' title="bbox 265 2124 1334 2222; baseline 0 -27"><span class='ocrx_word' id='word_1_118' title='bbox 265 2124 386 2197; x_wconf 89' lang='lat' dir='ltr'><strong>ducere</strong></span> <span class='ocrx_word' id='word_1_119' title='bbox 405 2152 553 2197; x_wconf 91' lang='lat' dir='ltr'><strong>conarer.</strong></span> <span class='ocrx_word' id='word_1_120' title='bbox 569 2127 651 2215; x_wconf 88' lang='lat' dir='ltr'><strong>Sed,</strong></span> <span class='ocrx_word' id='word_1_121' title='bbox 665 2143 740 2198; x_wconf 89' lang='lat' dir='ltr'><strong>acta</strong></span> <span class='ocrx_word' id='word_1_122' title='bbox 756 2153 798 2198; x_wconf 91' lang='lat' dir='ltr'><strong>ne</strong></span> <span class='ocrx_word' id='word_1_123' title='bbox 813 2153 969 2222; x_wconf 86' lang='lat' dir='ltr'><strong>agamus,</strong></span> <span class='ocrx_word' id='word_1_124' title='bbox 980 2127 1096 2197; x_wconf 88' lang='lat' dir='ltr'><strong>vitium</strong></span> <span class='ocrx_word' id='word_1_125' title='bbox 1115 2127 1180 2196; x_wconf 93' lang='lat' dir='ltr'><strong>hoc</strong></span> <span class='ocrx_word' id='word_1_126' title='bbox 1196 2139 1231 2194; x_wconf 89' lang='lat' dir='ltr'><strong>ct</strong></span> <span class='ocrx_word' id='word_1_127' title='bbox 1247 2149 1334 2221; x_wconf 74' lang='lat' dir='ltr'><strong>prae-</strong></span> 
     </span>
     <span class='ocr_line' id='line_1_18' title="bbox 264 2181 1334 2329; baseline 0.002 -29"><span class='ocrx_word' id='word_1_128' title='bbox 264 2235 396 2302; x_wconf 87' lang='lat' dir='ltr'><strong>teritam</strong></span> <span class='ocrx_word' id='word_1_129' title='bbox 410 2233 631 2304; x_wconf 80' lang='lat' dir='ltr'><strong>calamitatem</strong></span> <span class='ocrx_word' id='word_1_130' title='bbox 641 2181 697 2304; x_wconf 90' lang='lat' dir='ltr'><strong>his</strong></span> <span class='ocrx_word' id='word_1_131' title='bbox 715 2259 808 2329; x_wconf 72' lang='lat' dir='ltr'><strong>&lt;prasi</strong></span> <span class='ocrx_word' id='word_1_132' title='bbox 800 2234 1168 2329; x_wconf 79' lang='lat' dir='ltr'><strong>&#39;frugibus,quotquot</strong></span> <span class='ocrx_word' id='word_1_133' title='bbox 1185 2246 1334 2316; x_wconf 81' lang='lat' dir='ltr'><strong>exstant,</strong></span> 
     </span>
     <span class='ocr_line' id='line_1_19' title="bbox 264 2338 1334 2437; baseline 0.001 -29"><span class='ocrx_word' id='word_1_134' title='bbox 264 2339 494 2434; x_wconf 86' lang='lat' dir='ltr'><strong>Aristophanis</strong></span> <span class='ocrx_word' id='word_1_135' title='bbox 510 2340 651 2409; x_wconf 87' lang='lat' dir='ltr'><strong>Fabellis</strong></span> <span class='ocrx_word' id='word_1_136' title='bbox 669 2355 929 2437; x_wconf 86' lang='lat' dir='ltr'><strong>compensantes.</strong></span> <span class='ocrx_word' id='word_1_137' title='bbox 941 2338 1078 2436; x_wconf 84' lang='lat' dir='ltr'><strong>Duplex</strong></span> <span class='ocrx_word' id='word_1_138' title='bbox 1096 2363 1166 2410; x_wconf 90' lang='lat' dir='ltr'><strong>esse</strong></span> <span class='ocrx_word' id='word_1_139' title='bbox 1179 2363 1334 2409; x_wconf 87' lang='lat' dir='ltr'><strong>numero-</strong></span> 
     </span>
     <span class='ocr_line' id='line_1_20' title="bbox 264 2423 1333 2543; baseline 0.002 -29"><span class='ocrx_word' id='word_1_140' title='bbox 264 2470 339 2514; x_wconf 91' lang='lat' dir='ltr'><strong>rum</strong></span> <span class='ocrx_word' id='word_1_141' title='bbox 363 2446 549 2516; x_wconf 83' lang='lat' dir='ltr'><strong>differentia</strong></span> <span class='ocrx_word' id='word_1_142' title='bbox 573 2447 726 2516; x_wconf 87' lang='lat' dir='ltr'><strong>videtur:</strong></span> <span class='ocrx_word' id='word_1_143' title='bbox 745 2445 1013 2543; x_wconf 88' lang='lat' dir='ltr'><strong>quandoquidem</strong></span> <span class='ocrx_word' id='word_1_144' title='bbox 1033 2449 1173 2518; x_wconf 87' lang='lat' dir='ltr'><strong>Veteres</strong></span> <span class='ocrx_word' id='word_1_145' title='bbox 1193 2423 1241 2515; x_wconf 91' lang='lat' dir='ltr'><strong>illi</strong></span> <span class='ocrx_word' id='word_1_146' title='bbox 1263 2448 1333 2516; x_wconf 93' lang='lat' dir='ltr'><strong>Co-</strong></span> 
     </span>
     <span class='ocr_line' id='line_1_21' title="bbox 265 2550 1332 2648; baseline 0.002 -28"><span class='ocrx_word' id='word_1_147' title='bbox 265 2550 424 2623; x_wconf 87' lang='lat' dir='ltr'><strong>moediam</strong></span> <span class='ocrx_word' id='word_1_148' title='bbox 441 2555 541 2624; x_wconf 88' lang='lat' dir='ltr'><strong>variis</strong></span> <span class='ocrx_word' id='word_1_149' title='bbox 562 2554 765 2648; x_wconf 86' lang='lat' dir='ltr'><strong>distinguere</strong></span> <span class='ocrx_word' id='word_1_150' title='bbox 783 2555 933 2624; x_wconf 90' lang='lat' dir='ltr'><strong>versibus</strong></span> <span class='ocrx_word' id='word_1_151' title='bbox 952 2554 1165 2638; x_wconf 87' lang='lat' dir='ltr'><strong>studuerunt,</strong></span> <span class='ocrx_word' id='word_1_152' title='bbox 1183 2551 1332 2648; x_wconf 89' lang='lat' dir='ltr'><strong>eoquod</strong></span> 
     </span>
     <span class='ocr_line' id='line_1_22' title="bbox 263 2655 1332 2755; baseline 0.001 -28"><span class='ocrx_word' id='word_1_153' title='bbox 263 2655 353 2728; x_wconf 88' lang='lat' dir='ltr'><strong>laudi</strong></span> <span class='ocrx_word' id='word_1_154' title='bbox 367 2660 513 2730; x_wconf 83' lang='lat' dir='ltr'><strong>maxime</strong></span> <span class='ocrx_word' id='word_1_155' title='bbox 527 2658 716 2748; x_wconf 90' lang='lat' dir='ltr'><strong>daretur,</strong></span> <span class='ocrx_word' id='word_1_156' title='bbox 691 2687 718 2730; x_wconf 75' lang='grc' dir='ltr'><strong>ει</strong></span> <span class='ocrx_word' id='word_1_157' title='bbox 732 2662 788 2755; x_wconf 91' lang='lat' dir='ltr'><strong>qui</strong></span> <span class='ocrx_word' id='word_1_158' title='bbox 807 2685 931 2731; x_wconf 91' lang='lat' dir='ltr'><strong>novum</strong></span> <span class='ocrx_word' id='word_1_159' title='bbox 950 2663 1105 2731; x_wconf 90' lang='lat' dir='ltr'><strong>carminis</strong></span> <span class='ocrx_word' id='word_1_160' title='bbox 1121 2684 1226 2755; x_wconf 87' lang='lat' dir='ltr'><strong>genus</strong></span> <span class='ocrx_word' id='word_1_161' title='bbox 1243 2657 1332 2728; x_wconf 89' lang='lat' dir='ltr'><strong>adiu·</strong></span> 
     </span>
     <span class='ocr_line' id='line_1_23' title="bbox 263 2765 1330 2862; baseline 0.001 -29"><span class='ocrx_word' id='word_1_162' title='bbox 263 2766 438 2836; x_wconf 87' lang='lat' dir='ltr'><strong>venissent.</strong></span> <span class='ocrx_word' id='word_1_163' title='bbox 460 2766 559 2837; x_wconf 89' lang='lat' dir='ltr'><strong>Unde</strong></span> <span class='ocrx_word' id='word_1_164' title='bbox 580 2768 763 2862; x_wconf 88' lang='lat' dir='ltr'><strong>Phrynicus</strong></span> <span class='ocrx_word' id='word_1_165' title='bbox 782 2769 815 2836; x_wconf 90' lang='lat' dir='ltr'><strong>in</strong></span> <span class='ocrx_word' id='word_1_166' title='bbox 836 2769 952 2837; x_wconf 92' lang='lat' dir='ltr'><strong>lonico</strong></span> <span class='ocrx_word' id='word_1_167' title='bbox 974 2770 1094 2837; x_wconf 90' lang='lat' dir='ltr'><strong>minori</strong></span> <span class='ocrx_word' id='word_1_168' title='bbox 1115 2765 1330 2837; x_wconf 86' lang='lat' dir='ltr'><strong>catalecticou</strong></span> 
     </span>
     <span class='ocr_line' id='line_1_24' title="bbox 264 2874 1330 2970; baseline 0.002 -30"><span class='ocrx_word' id='word_1_169' title='bbox 264 2885 494 2942; x_wconf 87' lang='lat' dir='ltr'><strong>tetrametrum</strong></span> <span class='ocrx_word' id='word_1_170' title='bbox 519 2875 737 2970; x_wconf 86' lang='lat' dir='ltr'><strong>excogitavit,</strong></span> <span class='ocrx_word' id='word_1_171' title='bbox 760 2874 1038 2969; x_wconf 88' lang='lat' dir='ltr'><strong>Pherecratesque</strong></span> <span class='ocrx_word' id='word_1_172' title='bbox 1065 2874 1126 2944; x_wconf 90' lang='lat' dir='ltr'><strong>sihi</strong></span> <span class='ocrx_word' id='word_1_173' title='bbox 1152 2896 1286 2942; x_wconf 89' lang='lat' dir='ltr'><strong>versum</strong></span> <span class='ocrx_word' id='word_1_174' title='bbox 1310 2897 1330 2942; x_wconf 90' lang='lat' dir='ltr'><strong>e</strong></span> 
     </span>
     <span class='ocr_line' id='line_1_25' title="bbox 265 2977 1328 3077; baseline 0.002 -31"><span class='ocrx_word' id='word_1_175' title='bbox 265 2977 437 3073; x_wconf 75' lang='lat' dir='ltr'><strong>spondaeo,</strong></span> <span class='ocrx_word' id='word_1_176' title='bbox 454 2978 601 3075; x_wconf 86' lang='lat' dir='ltr'><strong>dactylo,</strong></span> <span class='ocrx_word' id='word_1_177' title='bbox 617 2994 652 3049; x_wconf 89' lang='lat' dir='ltr'><strong>et</strong></span> <span class='ocrx_word' id='word_1_178' title='bbox 667 2979 814 3051; x_wconf 83' lang='lat' dir='ltr'><strong>trochaeo</strong></span> <span class='ocrx_word' id='word_1_179' title='bbox 829 2980 1089 3077; x_wconf 88' lang='lat' dir='ltr'><strong>pulcherrimum</strong></span> <span class='ocrx_word' id='word_1_180' title='bbox 1103 2979 1328 3050; x_wconf 87' lang='lat' dir='ltr'><strong>concinnavit:</strong></span> 
     </span>
     <span class='ocr_line' id='line_1_26' title="bbox 265 3085 1326 3182; baseline 0.003 -31"><span class='ocrx_word' id='word_1_181' title='bbox 265 3108 328 3153; x_wconf 90' lang='lat' dir='ltr'><strong>nec</strong></span> <span class='ocrx_word' id='word_1_182' title='bbox 350 3109 444 3156; x_wconf 88' lang='lat' dir='ltr'><strong>secus</strong></span> <span class='ocrx_word' id='word_1_183' title='bbox 461 3086 598 3181; x_wconf 88' lang='lat' dir='ltr'><strong>Eupolis</strong></span> <span class='ocrx_word' id='word_1_184' title='bbox 615 3101 844 3156; x_wconf 88' lang='lat' dir='ltr'><strong>tetrametrum</strong></span> <span class='ocrx_word' id='word_1_185' title='bbox 861 3113 901 3157; x_wconf 86' lang='lat' dir='ltr'><strong>ex</strong></span> <span class='ocrx_word' id='word_1_186' title='bbox 916 3086 1068 3157; x_wconf 71' lang='lat' dir='ltr'><strong>trochaeis</strong></span> <span class='ocrx_word' id='word_1_187' title='bbox 1082 3085 1326 3182; x_wconf 82' lang='lat' dir='ltr'><strong>conglutinavit</strong></span> 
     </span>
     <span class='ocr_line' id='line_1_27' title="bbox 265 3192 1327 3288; baseline 0.001 -29"><span class='ocrx_word' id='word_1_188' title='bbox 265 3193 394 3260; x_wconf 85' lang='lat' dir='ltr'><strong>Verum</strong></span> <span class='ocrx_word' id='word_1_189' title='bbox 409 3193 667 3288; x_wconf 79' lang='lat' dir='ltr'><strong>Aristophanes,</strong></span> <span class='ocrx_word' id='word_1_190' title='bbox 681 3195 766 3262; x_wconf 91' lang='lat' dir='ltr'><strong>utin</strong></span> <span class='ocrx_word' id='word_1_191' title='bbox 785 3194 939 3264; x_wconf 89' lang='lat' dir='ltr'><strong>omnihus</strong></span> <span class='ocrx_word' id='word_1_192' title='bbox 955 3207 1005 3262; x_wconf 88' lang='lat' dir='ltr'><strong>est</strong></span> <span class='ocrx_word' id='word_1_193' title='bbox 1017 3197 1282 3276; x_wconf 73' lang='grc' dir='ltr'><strong>ποιητικώτατος,</strong></span> <span class='ocrx_word' id='word_1_194' title='bbox 1295 3192 1327 3260; x_wconf 90' lang='lat' dir='ltr'><strong>in</strong></span> 
     </span>
     <span class='ocr_line' id='line_1_28' title="bbox 264 3293 1327 3394; baseline 0.001 -29"><span class='ocrx_word' id='word_1_195' title='bbox 264 3297 331 3366; x_wconf 91' lang='lat' dir='ltr'><strong>hoc</strong></span> <span class='ocrx_word' id='word_1_196' title='bbox 352 3293 450 3368; x_wconf 88' lang='lat' dir='ltr'><strong>etiam</strong></span> <span class='ocrx_word' id='word_1_197' title='bbox 472 3298 531 3368; x_wconf 91' lang='lat' dir='ltr'><strong>ulli</strong></span> <span class='ocrx_word' id='word_1_198' title='bbox 552 3300 669 3370; x_wconf 88' lang='lat' dir='ltr'><strong>cedere</strong></span> <span class='ocrx_word' id='word_1_199' title='bbox 689 3298 804 3370; x_wconf 85' lang='lat' dir='ltr'><strong>noluit</strong></span> <span class='ocrx_word' id='word_1_200' title='bbox 826 3300 1011 3370; x_wconf 91' lang='lat' dir='ltr'><strong>Iamhicum</strong></span> <span class='ocrx_word' id='word_1_201' title='bbox 1030 3301 1118 3369; x_wconf 89' lang='lat' dir='ltr'><strong>enim</strong></span> <span class='ocrx_word' id='word_1_202' title='bbox 1136 3299 1327 3394; x_wconf 85' lang='lat' dir='ltr'><strong>hypercata-</strong></span> 
     </span>
     <span class='ocr_line' id='line_1_29' title="bbox 262 3401 1326 3503; baseline 0.002 -31"><span class='ocrx_word' id='word_1_203' title='bbox 262 3401 417 3474; x_wconf 89' lang='lat' dir='ltr'><strong>lecticum</strong></span> <span class='ocrx_word' id='word_1_204' title='bbox 433 3421 696 3493; x_wconf 90' lang='lat' dir='ltr'><strong>monometrum,</strong></span> <span class='ocrx_word' id='word_1_205' title='bbox 711 3421 746 3475; x_wconf 91' lang='lat' dir='ltr'><strong>et</strong></span> <span class='ocrx_word' id='word_1_206' title='bbox 762 3405 1116 3503; x_wconf 85' lang='lat' dir='ltr'><strong>brachycatalecticum</strong></span> <span class='ocrx_word' id='word_1_207' title='bbox 1131 3407 1326 3492; x_wconf 88' lang='lat' dir='ltr'><strong>trimetrum,</strong></span> 
     </span>
     <span class='ocr_line' id='line_1_30' title="bbox 263 3511 1326 3610; baseline -0.001 -30"><span class='ocrx_word' id='word_1_208' title='bbox 263 3524 315 3580; x_wconf 90' lang='lat' dir='ltr'><strong>est</strong></span> <span class='ocrx_word' id='word_1_209' title='bbox 336 3513 420 3581; x_wconf 91' lang='lat' dir='ltr'><strong>mira</strong></span> <span class='ocrx_word' id='word_1_210' title='bbox 444 3514 606 3583; x_wconf 87' lang='lat' dir='ltr'><strong>suavitate</strong></span> <span class='ocrx_word' id='word_1_211' title='bbox 628 3511 829 3584; x_wconf 87' lang='lat' dir='ltr'><strong>modulatus.</strong></span> <span class='ocrx_word' id='word_1_212' title='bbox 848 3518 993 3610; x_wconf 89' lang='lat' dir='ltr'><strong>Insuper</strong></span> <span class='ocrx_word' id='word_1_213' title='bbox 1012 3537 1056 3583; x_wconf 83' lang='lat' dir='ltr'><strong>ex</strong></span> <span class='ocrx_word' id='word_1_214' title='bbox 1077 3513 1251 3607; x_wconf 74' lang='lat' dir='ltr'><strong>anapestis</strong></span> <span class='ocrx_word' id='word_1_215' title='bbox 1273 3512 1326 3580; x_wconf 88' lang='lat' dir='ltr'><strong>tri·</strong></span> 
     </span>
     <span class='ocr_line' id='line_1_31' title="bbox 261 3617 1324 3706; baseline 0.004 -20"><span class='ocrx_word' id='word_1_216' title='bbox 261 3633 406 3687; x_wconf 90' lang='lat' dir='ltr'><strong>metrum</strong></span> <span class='ocrx_word' id='word_1_217' title='bbox 427 3617 694 3706; x_wconf 88' lang='lat' dir='ltr'><strong>acatalecticum,</strong></span> <span class='ocrx_word' id='word_1_218' title='bbox 709 3645 750 3690; x_wconf 85' lang='lat' dir='ltr'><strong>cx</strong></span> <span class='ocrx_word' id='word_1_219' title='bbox 767 3621 970 3690; x_wconf 88' lang='lat' dir='ltr'><strong>choriambis</strong></span> <span class='ocrx_word' id='word_1_220' title='bbox 986 3644 1066 3689; x_wconf 91' lang='lat' dir='ltr'><strong>vero</strong></span> <span class='ocrx_word' id='word_1_221' title='bbox 1084 3631 1324 3690; x_wconf 83' lang='lat' dir='ltr'><strong>monometrum</strong></span> 
     </span>
     <span class='ocr_line' id='line_1_32' title="bbox 262 3724 1326 3822; baseline -0.001 -29"><span class='ocrx_word' id='word_1_222' title='bbox 262 3726 390 3820; x_wconf 90' lang='lat' dir='ltr'><strong>primus</strong></span> <span class='ocrx_word' id='word_1_223' title='bbox 420 3728 568 3796; x_wconf 93' lang='lat' dir='ltr'><strong>omnium</strong></span> <span class='ocrx_word' id='word_1_224' title='bbox 598 3729 820 3822; x_wconf 79' lang='lat' dir='ltr'><strong>temperavit,</strong></span> <span class='ocrx_word' id='word_1_225' title='bbox 849 3741 949 3822; x_wconf 90' lang='lat' dir='ltr'><strong>atque</strong></span> <span class='ocrx_word' id='word_1_226' title='bbox 975 3726 1037 3796; x_wconf 89' lang='lat' dir='ltr'><strong>alia</strong></span> <span class='ocrx_word' id='word_1_227' title='bbox 1070 3724 1244 3820; x_wconf 82' lang='lat' dir='ltr'><strong>complura</strong></span> <span class='ocrx_word' id='word_1_228' title='bbox 1271 3747 1326 3818; x_wconf 85' lang='lat' dir='ltr'><strong>por</strong></span> 
     </span>
     <span class='ocr_line' id='line_1_33' title="bbox 263 3832 1325 3929; baseline -0.002 -29"><span class='ocrx_word' id='word_1_229' title='bbox 263 3833 417 3902; x_wconf 89' lang='lat' dir='ltr'><strong>Servium</strong></span> <span class='ocrx_word' id='word_1_230' title='bbox 444 3847 478 3902; x_wconf 91' lang='lat' dir='ltr'><strong>et</strong></span> <span class='ocrx_word' id='word_1_231' title='bbox 504 3832 591 3904; x_wconf 91' lang='lat' dir='ltr'><strong>illius</strong></span> <span class='ocrx_word' id='word_1_232' title='bbox 618 3835 815 3929; x_wconf 89' lang='lat' dir='ltr'><strong>interpretes</strong></span> <span class='ocrx_word' id='word_1_233' title='bbox 835 3833 1036 3905; x_wconf 83' lang='lat' dir='ltr'><strong>Fabularum</strong></span> <span class='ocrx_word' id='word_1_234' title='bbox 1061 3832 1237 3915; x_wconf 88' lang='lat' dir='ltr'><strong>adnotata,</strong></span> <span class='ocrx_word' id='word_1_235' title='bbox 1257 3853 1325 3924; x_wconf 78' lang='lat' dir='ltr'><strong>qua</strong></span> 
     </span>
     <span class='ocr_line' id='line_1_34' title="bbox 262 3936 1322 4036; baseline -0.003 -29"><span class='ocrx_word' id='word_1_236' title='bbox 262 3936 457 4008; x_wconf 91' lang='lat' dir='ltr'><strong>mortalibus</strong></span> <span class='ocrx_word' id='word_1_237' title='bbox 474 3939 558 4010; x_wconf 89' lang='lat' dir='ltr'><strong>adeo</strong></span> <span class='ocrx_word' id='word_1_238' title='bbox 576 3938 792 4036; x_wconf 88' lang='lat' dir='ltr'><strong>placuerunt,</strong></span> <span class='ocrx_word' id='word_1_239' title='bbox 812 3955 851 4012; x_wconf 91' lang='lat' dir='ltr'><strong>ut</strong></span> <span class='ocrx_word' id='word_1_240' title='bbox 868 3941 1027 4012; x_wconf 88' lang='lat' dir='ltr'><strong>barbaros</strong></span> <span class='ocrx_word' id='word_1_241' title='bbox 1041 3939 1142 4009; x_wconf 90' lang='lat' dir='ltr'><strong>ctiam</strong></span> <span class='ocrx_word' id='word_1_242' title='bbox 1156 3940 1322 4008; x_wconf 85' lang='lat' dir='ltr'><strong>Persarum</strong></span> 
     </span>
     <span class='ocr_line' id='line_1_35' title="bbox 261 4042 1324 4144; baseline -0.004 -29"><span class='ocrx_word' id='word_1_243' title='bbox 261 4047 390 4116; x_wconf 89' lang='lat' dir='ltr'><strong>animos</strong></span> <span class='ocrx_word' id='word_1_244' title='bbox 407 4048 577 4142; x_wconf 85' lang='lat' dir='ltr'><strong>potuerint</strong></span> <span class='ocrx_word' id='word_1_245' title='bbox 599 4047 795 4119; x_wconf 87' lang='lat' dir='ltr'><strong>demulcere.</strong></span> <span class='ocrx_word' id='word_1_246' title='bbox 809 4050 940 4124; x_wconf 88' lang='lat' dir='ltr'><strong>Etenim</strong></span> <span class='ocrx_word' id='word_1_247' title='bbox 960 4047 1049 4144; x_wconf 91' lang='lat' dir='ltr'><strong>apud</strong></span> <span class='ocrx_word' id='word_1_248' title='bbox 1062 4069 1120 4118; x_wconf 86' lang='lat' dir='ltr'><strong>cos</strong></span> <span class='ocrx_word' id='word_1_249' title='bbox 1134 4042 1324 4137; x_wconf 85' lang='lat' dir='ltr'><strong>Aristopha-</strong></span> 
     </span>
    </p>
   </div>
   <div class='ocr_carea' id='block_1_3' title="bbox 0 0 1450 4866">
    <p class='ocr_par' dir='ltr' id='par_1_3' title="bbox 0 0 1450 4866">
     <span class='ocr_line' id='line_1_36' title="bbox 0 0 1450 4866; baseline 0 0"><span class='ocrx_word' id='word_1_250' title='bbox 0 0 1450 4866; x_wconf 95' lang='lat' dir='ltr'><strong> </strong></span> 
     </span>
    </p>
   </div>
  </div>
 </body>
</html>
