2890 4866
475 391 545 460 DE
571 391 829 463 t'HEA‘rlto.
1051 419 1190 467 nxxxvrr

109 537 184 609 que
201 511 307 584 atatis
324 534 482 606 personas
498 509 713 606 confingant,
727 512 830 582 etiarn
849 513 895 583 ita
914 539 954 584 ex
965 516 1118 612 gestibus
1134 520 1190 588 de·

112 623 289 712 scribunt,
310 635 349 694 ut
378 621 415 690 id
435 619 541 716 quod
554 636 662 719 agunt
686 621 801 692 videre
825 622 968 696 videare.
987 627 1190 722 Hujusmodi

115 749 197 806 sunt
213 757 298 828 quos
316 731 394 803 Itali
407 728 574 824 buffones
585 729 689 828 vulgo
705 747 836 804 vocant.
851 733 1050 805 Archimimi
1064 737 1191 832 princi·

115 867 178 939 pes
191 857 269 914 sunt
282 841 503 928 histrionum,
522 841 591 913 boc
601 857 671 932 est,
691 843 779 913 inter
791 843 971 916 histriones
984 845 1191 918 solertissimi

115 967 152 1024 et
171 952 449 1026 excellentissimi.
472 952 631 1050 Etholcgi
657 955 769 1043 mimi,
792 969 854 1026 aut
873 955 1036 1051 ethopoei,
1058 981 1192 1030 morum

114 1079 199 1136 sunt
214 1064 396 1152 effictores,
409 1063 661 1160 affectuumque
674 1063 916 1161 cujuscumque
927 1091 1077 1162 persone
1090 1093 1191 1164 quam

116 1177 300 1264 sustinent,
311 1191 372 1246 aut
380 1199 482 1272 wana
493 1189 600 1272 agunt
611 1189 644 1245 et
656 1175 806 1246 referunt
819 1177 854 1246 in
868 1199 986 1267 scena,
998 1177 1090 1248 unde
1102 1180 1193 1250 etho

116 1289 225 1384 poeia,
242 1311 377 1358 morum
399 1285 591 1358 alienorum
610 1287 775 1356 imitatio:
794 1301 829 1357 et
853 1286 954 1358 ethici
981 1289 1127 1383 pictores
1151 1315 1193 1362 ac

114 1399 272 1468 statuarii
292 1397 397 1486 dicti,
411 1398 471 1494 qui
490 1423 566 1468 suas
586 1397 753 1492 imagines
770 1399 818 1468 ita
832 1397 1042 1494 depingunt,
1054 1414 1191 1474 autca-
1304 1401 1308 1408 “

113 1507 189 1578 lant
197 1561 208 1596 ,
216 1522 256 1578 ut
268 1507 420 1580 sensibus
430 1507 596 1604 expressis
608 1507 856 1604 propemodum
865 1509 1192 1606 spirent.Thymelici

113 1619 206 1688 inter
216 1619 367 1690 scenicos
383 1633 513 1690 actores
523 1632 622 1705 sunt,
638 1618 705 1688 boc
717 1633 784 1708 est,
796 1618 989 1708 citharoedi,
1000 1621 1192 1710 citharista,

112 1727 255 1826 lyristae,
268 1729 432 1800 tibicines.
447 1729 650 1818 Citharcedi,
664 1731 772 1825 quiet
786 1729 937 1802 fidicines
951 1731 1128 1823 dicuntur,
1141 1736 1190 1807 ci·

114 1840 223 1910 tharae
243 1839 451 1912 accinebant.
464 1841 655 1911 Citharista
671 1839 835 1910 citharam
853 1855 983 1912 tantum
998 1843 1190 1938 pulsabant,

113 1976 189 2020 non
215 1965 329 2021 autem
350 1952 557 2022 accinebant
578 1949 781 2045 Hujusmcdi
806 1949 974 2046 thymelici
992 1979 1054 2048 per
1074 1956 1193 2026 orche-
1260 1981 1263 1990 ’

115 2075 222 2132 stram
242 2061 447 2157 praestabant
463 2061 611 2132 actiones
635 2085 722 2130 suas.
741 2058 847 2132 Ludii
867 2062 935 2130 sive
958 2060 1110 2132 ludiones
1129 2063 1192 2159 (ut

112 2173 188 2269 jam
203 2171 330 2242 dictum
349 2172 421 2269 est)
437 2172 460 2241 ii
473 2185 570 2246 erant
583 2171 642 2266 qui
658 2169 867 2264 Comoediam
883 2171 1080 2246 recitabant.
1096 2177 1138 2244 In
1152 2199 1192 2245 ea

117 2285 210 2354 enim
229 2283 399 2354 recitanda
425 2283 549 2352 mirum
569 2281 635 2352 fuit
649 2281 840 2352 artificium.
860 2285 947 2354 Nam
965 2284 1095 2353 cantica
1110 2299 1193 2354 tem-

117 2393 326 2490 perabantur
337 2392 463 2483 modis,
479 2417 550 2463 non
564 2417 584 2462 a
597 2408 712 2489 poeta,
722 2393 814 2462 seda
831 2393 944 2488 perito
958 2393 1039 2464 artis
1056 2395 1194 2466 musicae

117 2505 238 2593 lactis,
254 2505 364 2600 neque
387 2505 478 2574 enim
505 2505 618 2575 omnia
643 2503 762 2574 iisdem
779 2495 890 2575 modis
912 2503 947 2574 iu
969 2529 1040 2576 uno
1061 2507 1193 2578 cantico

116 2616 323 2712 agebantur,
341 2614 397 2685 sed
418 2638 505 2712 sape
524 2616 661 2686 mutatis
674 2614 956 2712 3msignificant,
971 2617 1031 2712 qui
1049 2631 1117 2688 tres
1130 2645 1193 2688 nu-
1287 2689 1294 2695 ,

116 2749 229 2796 meros
256 2726 291 2794 in
312 2723 495 2797 Comoediis
519 2740 671 2822 ponunt,
697 2726 757 2820 qui
784 2739 853 2796 tres
872 2724 1050 2797 continent
1075 2727 1197 2799 modos

116 2836 242 2908 cantici
261 2835 361 2908 illius.
375 2836 445 2926 Qui
463 2835 656 2930 hujusmodi
675 2835 795 2906 modes
808 2835 991 2924 faciebant,
1013 2861 1143 2908 nomen,
1157 2841 1193 2908 in

118 2947 289 3044 principio
306 2946 443 3017 Fabulae
461 2961 497 3018 et
520 2947 692 3043 scriptoris
716 2960 752 3015 st
768 2947 892 3018 actoris
910 2949 1193 3043 superponebant

118 3057 332 3154 Huiusmodi.
345 3058 429 3128 adco
442 3057 592 3130 carmina
610 3057 652 3128 ad
671 3056 771 3127 tibias
791 3057 936 3147 fiebant,
953 3072 992 3128 ut
1006 3059 1059 3130 bis
1072 3059 1200 3130 auditis

117 3167 221 3240 multi
242 3193 284 3240 ex
302 3167 430 3266 populo
458 3184 538 3240 ante
559 3169 752 3259 discerent,
775 3193 876 3264 quam
900 3170 1063 3240 Fabulam
1087 3173 1200 3242 acturi

119 3280 245 3351 scenici
265 3295 396 3368 essent,
419 3303 521 3375 wana
540 3280 679 3350 omnino
701 3279 945 3376 spectatoribus
966 3280 1046 3376 ipsis
1064 3295 1196 3350 antece-

119 3390 205 3460 dens
224 3389 342 3461 titulus
364 3391 651 3486 pronuntiaretur.
665 3391 839 3483 Agebatur
860 3403 973 3460 autem
987 3390 1093 3460 Tibiis
1109 3393 1199 3487 pari-

118 3503 204 3593 bus,
216 3518 275 3574 aut
290 3503 537 3600 imparibusaet
548 3501 691 3592 dextris,
704 3517 764 3573 ant
776 3501 929 3576 sinistris.
939 3506 1074 3573 Dextra
1087 3518 1200 3574 autem

118 3615 214 3684 tibiae
236 3639 296 3685 sua
322 3615 486 3710 gravitate
504 3614 625 3685 seriam
646 3614 827 3686 Comoedias
846 3613 1027 3684 dictionem
1047 3638 1201 3709 pronun-

120 3726 263 3797 tiabant.
290 3727 440 3798 Sinistra
462 3741 497 3796 ct
521 3749 664 3799 serranae
689 3725 855 3797 acuminis
873 3723 1009 3795 lenitate
1026 3725 1143 3818 jocum
1166 3728 1224 3795 in'

120 3835 297 3906 Comoedia
315 3835 547 3908 ostendebant.
569 3835 639 3907 Ubi
657 3851 769 3908 autem
786 3835 903 3906 dextra
923 3851 957 3906 et
977 3835 1111 3907 sinistra
1130 3852 1202 3906 acta

120 3945 249 4030 Fabula
265 3947 528 4032 inscribebatur,
542 3947 674 4018 mixtim
689 3948 760 4044 joci
778 3963 812 4018 et
828 3949 1007 4045 gravitates
1025 3947 1203 4020 denuntia-

119 4057 258 4130 bantur.
276 4058 374 4130 Mimi
393 4071 452 4131 aut
469 4057 587 4149 Ludii,
603 4059 684 4130 dum
697 4058 861 4156 agebant,
875 4047 1088 4132 imumebant
1100 4059 1203 4154 capiti

997 4167 1044 4250 pl
