2890 4866
473 387 537 456 DE
564 387 740 456 METRts.
1041 413 1150 459 cxxxv

45 522 146 589 dnm
165 517 349 588 verborum
364 520 535 589 invertunt
548 520 708 592 ordinem.
719 519 882 592 Nonnihil
897 521 994 596 etiarn
1009 521 1064 591 hic
1077 547 1151 617 pec·

46 641 194 696 canunt
213 626 352 712 eruditi,
366 629 441 720 qui,
456 626 536 696 dum
553 629 739 698 carminum
754 651 875 722 genera
891 626 1098 724 distinguunt
1110 653 1149 699 ac

48 733 310 818 dimetiuntur,
325 757 443 827 parum
461 737 598 820 attenti,
614 735 852 830 interjecerunt
863 735 967 804 verba
982 735 1149 830 quaedam,

51 855 98 908 ut
118 839 302 935 explerent
323 862 438 910 versus
459 840 607 928 hiatum,
627 856 685 911 aut
705 856 922 912 resecuerunt
942 841 1033 936 quod
1053 842 1146 912 vide·

54 949 170 1016 batur
192 971 376 1042 superesse.
392 946 535 1018 Videtur
553 963 664 1018 autem
682 948 794 1018 studio
811 947 937 1018 facturn
952 950 1147 1035 aTerentio‚

54 1068 99 1123 ut
121 1051 337 1124 dissimulato
355 1056 503 1124 carmine
524 1079 625 1149 quarn
648 1056 797 1151 proxime
817 1054 992 1125 accederet
1015 1055 1058 1124 ad
1076 1080 1148 1125 ora-

56 1161 195 1230 tionem
217 1157 378 1230 solutam:
394 1160 484 1255 quod
502 1159 590 1231 idem
609 1161 783 1232 affectasse
796 1160 928 1232 videtur
941 1163 1100 1232 Horatius
1112 1165 1148 1233 in

59 1267 289 1338 Sermonibus
311 1282 345 1338 et
362 1266 527 1362 Epistolis.
552 1270 641 1340 Hinc
662 1283 754 1340 tanta
780 1271 814 1338 in
833 1268 1036 1339 dimetiendo
1054 1269 1146 1339 difli-

58 1371 196 1460 cultas,
213 1389 252 1443 ut
264 1375 449 1444 existimem
465 1376 572 1470 ipsum
588 1379 781 1462 Donatum,
795 1389 853 1445 aut
867 1376 1075 1464 Comutum,
1089 1393 1148 1446 aut

62 1483 259 1575 Asperum,
285 1482 312 1551 si
333 1481 504 1568 virerent,
529 1482 563 1550 in
587 1481 669 1552 locis
694 1481 820 1576 aliquot
837 1481 891 1551 vel
908 1483 1075 1569 hastatos,
1093 1483 1146 1553 rel

59 1589 155 1655 inter
179 1611 216 1656 se
236 1587 453 1658 dissensuros.
482 1589 626 1660 Proinde
644 1613 705 1660 nos
726 1589 981 1684 quatriduanam
1000 1588 1144 1684 opellam

60 1695 292 1788 sumpsimus,
314 1709 354 1764 ut
378 1693 633 1766 adolescentulis
655 1696 799 1791 aliquam
819 1696 918 1790 hujus
940 1693 1144 1768 difficultatis

60 1813 199 1893 partem
221 1800 463 1889 adimeremus,
482 1827 552 1872 non
571 1803 705 1899 quidem
727 1803 762 1872 in
781 1827 896 1872 omnes
907 1801 1068 1889 Fabulas,
1085 1804 1143 1874 sed

60 1907 98 1974 in
117 1928 223 1974 unam
239 1923 420 2002 perpetuo,
433 1923 467 1978 et
483 1911 519 1977 in
534 1910 662 1980 ceteris
673 1910 812 2005 carptim
826 1935 833 1976 :
845 1931 913 2004 quo
933 1933 995 1978 ceu
1009 1907 1067 1978 filo
1084 1909 1143 1978 ad·

59 2011 127 2105 juti
146 2037 219 2082 sese
241 2011 369 2083 facilins
388 2040 407 2084 e
425 2017 553 2084 caeteris
571 2014 741 2111 explicent
758 2014 963 2110 labyrinthis.
978 2017 1143 2086 Constant

64 2133 181 2188 autem
198 2120 299 2215 hujus
317 2119 451 2190 Fabula
468 2122 520 2191 his
535 2121 640 2192 ferme
655 2137 839 2194 metrorum
855 2121 1040 2216 generibus.
1056 2124 1143 2190 lam-

64 2226 144 2296 bico
165 2229 335 2315 trimetro,
350 2229 409 2322 qui
429 2242 463 2297 et
483 2230 605 2309 senarii
624 2229 782 2299 dicuntur
801 2251 822 2296 a
843 2251 984 2297 numero
1006 2227 1139 2322 pedum.

65 2332 217 2403 lambico
238 2347 452 2420 tetrametro,
476 2337 534 2429 qui
554 2335 597 2405 ab
613 2334 684 2405 aliis
705 2334 875 2430 quadrati,
896 2334 938 2403 ab
956 2334 1027 2404 aliis
1048 2349 1140 2404 octo·

66 2440 153 2508 narii
173 2441 349 2511 dicuntur:
364 2457 612 2512 monometrum
629 2467 668 2512 nc
688 2441 868 2511 dimetrum
891 2465 968 2510 raro
982 2440 1141 2534 interjici-

67 2561 134 2614 tur.
145 2549 185 2615 ln
194 2547 260 2618 hoc
272 2571 393 2644 genere
406 2551 524 2643 quovis
538 2546 613 2620 loco
625 2574 688 2645 pro
702 2548 814 2618 iambo
826 2549 920 2644 ponit
932 2547 1139 2643 tribrachyn,

69 2652 280 2747 spondeum,
296 2653 482 2749 dactylum,
499 2671 720 2751 anapestum,
738 2655 840 2725 modo
860 2655 962 2724 totius
983 2657 1139 2725 canninis

70 2759 250 2852 penultima
265 2759 390 2856 syllaba
402 2763 446 2832 sit
459 2763 579 2832 brevis.
593 2761 764 2858 Siquidem
779 2763 814 2832 in
826 2760 1018 2830 hocversu:
1031 2777 1048 2814 a
1059 2761 1138 2832 Nul-

70 2864 137 2934 lum
156 2867 288 2961 estjam
304 2868 448 2956 dictum,
465 2869 555 2964 quod
569 2891 638 2939 non
655 2869 782 2946 dictum
799 2871 841 2938 sit
854 2869 967 2962 prius:
986 2897 1003 2933 »
1021 2893 1138 2939 omnes

70 2971 214 3066 spondaei
233 2989 326 3064 sunt,
347 2990 488 3070 excepto
504 2975 640 3064 ultimo,
658 2977 754 3068 cujus
775 2977 904 3070 generis
920 2989 954 3044 et
973 2973 1055 3044 alios
1077 2972 1138 3044 ali·
1212 2991 1225 3004 ·

71 3093 152 3174 quot
170 3083 324 3176 reperias.
340 3082 500 3152 Eamdenr
523 3081 710 3152 libertatem
730 3083 830 3152 sumit
847 3083 882 3151 in
899 3080 1075 3152 trochaicis
1091 3097 1138 3152 te-

73 3189 235 3258 trametris
253 3185 470 3280 catalectiois,
489 3189 567 3258 satis
584 3189 712 3276 habens
729 3189 756 3258 si
777 3189 879 3259 totius
899 3189 1054 3259 carminis
1075 3212 1136 3283 pe-

74 3292 207 3363 nultima
227 3295 268 3365 sit
293 3295 415 3365 brevis.
439 3293 528 3365 Illud
549 3309 662 3365 tamen
690 3295 814 3390 ubique
838 3310 994 3381 cavetur,
1017 3319 1060 3390 ne
1083 3294 1136 3364 vel

75 3401 231 3471 trocheus
252 3403 457 3498 ingrediatur
473 3401 653 3472 iambicum
670 3425 822 3488 carmen,
844 3400 897 3471 vel
916 3401 1045 3470 iambus
1066 3415 1135 3471 tro*

75 3507 228 3577 chairnm.
248 3509 434 3579 lambicum
461 3524 691 3579 tetrametrum
715 3510 883 3579 interdum
904 3509 938 3576 in
961 3507 1027 3578 fine
1048 3506 1135 3578 frau-

76 3613 167 3683 datur
185 3637 251 3684 una
266 3615 408 3711 syllaba,
427 3616 592 3712 producta
612 3615 817 3711 penultima,
840 3616 970 3711 quoties
992 3615 1136 3685 iambico

76 3719 206 3792 dimetro
220 3719 433 3794 acatalectico
449 3726 613 3793 accinitur
628 3723 768 3794 dimeter
785 3721 1002 3792 catalecticus.
1022 3721 1135 3791 Veluti

78 3828 117 3914 si,
134 3832 222 3898 «Jam
241 3828 323 3900 lucis
339 3845 415 3900 orto
429 3831 551 3919 sidere,
565 3861 582 3894 u
598 3832 728 3900 accinas
749 3859 765 3894 a
779 3827 897 3898 Cultor
912 3830 975 3898 Dei
987 3853 1133 3898 memen-

78 3947 146 4002 to.»
160 3937 356 4031 Quanquam
378 3939 410 4005 in
431 3937 496 4006 hoe
518 3961 651 4032 qnoque
668 3959 789 4031 genere
812 3950 1010 4030 usurpatur,
1030 3959 1133 4030 quum

79 4044 267 4132 communis,
288 4043 330 4114 de
350 4068 416 4138 qua
432 4044 558 4114 dictum
580 4058 647 4128 cst,
670 4045 874 4114 comicorum
897 4041 1048 4130 libertas,
1063 4057 1134 4112 tum
