3000 4866
240 441 307 488 vm
436 415 693 486 PRAEFATIO
720 417 857 492 Novi
883 415 1127 486 EDITORIS

240 623 365 726 nuno
394 647 491 706 non
517 619 763 706 tentemus!
786 613 975 706 fortasse
1005 647 1093 710 noo
1117 635 1215 706 erat
1239 615 1310 706 lzir

240 782 362 867 locus
371 808 391 887 ,·-
411 774 493 878 sed
513 772 751 891 laborum,
766 776 949 865 virtutis
976 795 1021 865 et
1044 772 1174 865 famae
1198 808 1307 866 con-

240 937 427 1026 scientia
442 955 686 1036 contentus
702 937 848 1046 vivat!
864 968 1104 1060 nunquam
1123 935 1189 1024 illi
1206 933 1309 1025 dee-

237 1094 300 1183 rit
321 1126 407 1184 nec
429 1093 586 1216 patriae
607 1125 693 1198 neo
711 1094 988 1217 posteritatis
1009 1095 1246 1184 memoria.
1288 1099 1290 1104 ’

300 1245 506 1342 Veniunt
526 1285 651 1342 nunc
673 1283 726 1341 ea
740 1285 840 1378 quae
859 1284 955 1341 non
973 1249 1030 1340 ad
1053 1252 1205 1377 ipsum
1223 1255 1309 1342 Te-

238 1410 380 1499 rentii
390 1429 568 1499 textum
581 1412 799 1526 attinent,
821 1409 899 1500 sed
913 1443 1013 1535 quae
1032 1443 1127 1520 non
1142 1408 1207 1520 las
1221 1410 1307 1501 erit

239 1569 473 1682 omittere,
504 1567 592 1657 nisi
613 1599 828 1657 mancam
853 1549 1040 1691 prorsus
1072 1588 1117 1658 et
1144 1569 1310 1692 imper·

239 1722 409 1815 sectam
440 1724 637 1815 volueris
665 1759 760 1834 esse
794 1727 969 1816 Comici
996 1726 1134 1847 hujus
1157 1705 1311 1816 editio-

238 1915 361 1971 nem.
383 1881 563 1973 Scilicet
582 1880 638 1973 de
651 1886 744 1988 vita
759 1881 1052 1999 Terentii,dc
1066 1881 1308 1996 comoedia,

239 2037 296 2128 de
317 2035 504 2156 fabulis,
524 2039 579 2130 de
594 2040 806 2156 theatris,
829 2039 1039 2156 deludis,
1059 2061 1105 2132 et
1127 2073 1311 2164 praescr.-

239 2197 326 2286 tim
359 2196 721 2324 Megalensibus,
756 2198 1074 2324 praemittenda
1103 2197 1309 2326 quaedam

239 2357 494 2463 necessario
525 2376 673 2471 erant,
711 2361 806 2446 sine
839 2354 1007 2484 quibus
1042 2358 1189 2446 multa
1216 2331 1311 2445 non

238 2512 494 2636 potuissent
516 2512 960 2640 intelligi.·Restabat
978 2547 1072 2620 una
1096 2514 1308 2637 quaestiO,

241 2670 385 2761 ardua
412 2668 683 2787 admodum,
713 2670 835 2762 etde
859 2705 949 2800 qua
971 2647 1172 2761 multum
1192 2672 1312 2760 inter

244 2861 290 2919 se
308 2827 433 2920 docti
451 2832 610 2953 saepius
627 2829 954 2946 dissenserunt,
973 2830 1091 2920 ratio
1105 2826 1313 2919 videlicet

243 3009 500 3096 metrorum
530 2991 927 3082 Terentianorum.
968 2992 1127 3107 Quum
1160 3008 1314 3079 autem

243 3180 327 3237 nos
350 3180 535 3273 quoque
559 3151 608 3237 in
636 3147 706 3239 his
730 3151 951 3275 angustiis
980 3145 1312 3258 sudaverimuS,

242 3306 357 3397 nihil
376 3309 515 3397 satius
533 3308 684 3398 visum
699 3340 840 3433 quarn
858 3309 1050 3404 omnino
1073 3309 1201 3432 sequi
1208 3309 1315 3394 We-

243 3463 524 3572 sterhovium
546 3465 576 3554 l.
598 3498 636 3556 c.
658 3463 899 3562 dicentem.
921 3467 1065 3556 «Sane
1085 3466 1165 3589 qui
1180 3464 1315 3552 ratio·
1343 3451 1346 3457 ¹

244 3656 351 3713 nem
388 3626 628 3716 metricam
654 3626 701 3712 in
732 3627 942 3716 Terentio
973 3625 1106 3714 certis
1139 3619 1314 3747 legibus

244 3784 449 3874 innixam
478 3781 832 3907 adstrictamque
854 3781 961 3872 dare
978 3782 1122 3895 volet,
1142 3780 1312 3868 Teren·

243 3943 361 4032 tium
375 3944 523 4065 ipsum
539 3939 656 4032 forte
673 3963 719 4030 et
729 3941 916 4048 Laelium
930 3961 975 4029 et
985 3941 1243 4062 Scipionem
1256 3935 1313 4026 ab

244 4099 399 4191 inferis
423 4104 586 4193 excitet
602 4135 784 4193 necesse
803 4121 883 4224 est.
899 4097 1025 4191 Vidit
1043 4119 1088 4189 et
1116 4099 1313 4223 ingenue
