3014 4860
300 365 373 436 388
521 362 701 430 PUBLII
728 359 989 432 TERENTII
1017 363 1139 430 aaut

296 501 369 592 Ego
392 519 471 564 vero
490 493 599 564 laudo.
619 497 700 565 Srn.
715 497 818 565 Recte
835 519 921 564 sane.
939 497 1028 572 Cara.
1052 495 1185 590 Quippe
1202 493 1258 590 qul

296 607 495 697 Magnarum
517 627 602 696 saepe
620 601 654 670 id
674 602 854 670 remedium
870 600 1104 696 'aegritudinum
1123 599 1184 670 'stt

294 713 368 777 Jam
390 710 468 777 huic
490 709 660 776 mansisset
681 709 797 776 unicus
817 722 936 801 gnatus
954 707 1054 774 domi.
1312 732 1349 779 aas

295 817 374 884 Srn.
394 812 508 884 Jocon’
527 838 569 881 an
590 814 674 882 serio
698 812 751 882 ille
771 813 841 882 haec
861 813 966 898 dicat,
987 813 1119 896 nescio;

295 920 368 989 Nisi
391 921 472 990 mihi
491 920 623 1014 quidem
642 919 735 987 addit
752 922 920 1006 animum,
934 944 1000 1012 quo
1021 918 1133 988 lubeat
1153 921 1266 1014 magis.
1291 937 1296 944 ·
1330 988 1333 994 ,

295 1029 384 1096 cnr.
400 1029 443 1094 Et
460 1051 549 1096 nunc
566 1024 645 1119 quid
660 1038 847 1118 exspectat,
867 1023 971 1119 Syre?
988 1025 1039 1092 An
1053 1023 1135 1094 dum
1149 1024 1229 1094 hinc
1247 1025 1353 1095 denuo

295 1132 412 1217 Abeat,
431 1157 533 1225 quum
553 1131 692 1199 tolerare
716 1129 802 1200 illius
825 1145 976 1224 sumptus
993 1155 1060 1198 non
1079 1128 1200 1225 queat?

294 1240 415 1308 Nonne
437 1237 479 1306 ad
502 1261 611 1306 senem
637 1236 780 1330 aliquam
802 1236 958 1307 fabricam
981 1235 1099 1330 fingit?
1116 1239 1196 1306 Suu.
1215 1235 1354 1308 Stolidus

453 1357 513 1411 esl-
1321 1370 1356 1418 ⁵⁴⁵

296 1451 383 1518 Gna.
403 1451 447 1517 At
467 1463 499 1517 te
521 1447 670 1542 adjutare
692 1463 834 1544 oportet,
852 1446 1087 1518 adolescentuli

295 1556 413 1622 Causa.
436 1557 516 1624 Srn.
539 1554 645 1625 Facile
663 1555 814 1648 equidem
833 1555 941 1624 lacere
960 1579 1110 1649 possum,
1129 1555 1155 1623 si
1176 1555 1289 1649 jubes3

295 1661 426 1729 Etenim
444 1685 511 1754 quo
527 1675 625 1754 pacto
648 1659 681 1728 id
700 1661 773 1729 ficri
790 1660 909 1748 soleat,
928 1660 1040 1729 calleo.

297 1873 454 1932 opportune·
472 1861 541 1913 Bene
553 1859 650 1933 adjecit
661 1864 685 1912 in
696 1861 757 1926 loco,
770 1879 804 1914 na
850 1862 920 1930 Quid
932 1873 1065 1932 exspectat,
1082 1861 1192 1913 Dromo.
1203 1862 1295 1915 -Aa
1306 1863 1358 1915 dm

295 1951 449 2011 perpetuam
469 1939 653 1993 malefaciendi
674 1939 805 1994 licentiam
848 1949 900 1994 etc.
912 1941 1080 1994 constructio
1095 1940 1173 2010 plena
1184 1953 1240 2005 est,
1256 1959 1359 1995 «anex-

296 2019 377 2072 servis
392 2018 474 2071 daret.
494 2020 573 2092 Eugr.
672 2035 674 2042 ’
848 2019 1040 2091 spectatdum,
1053 2031 1101 2071 etc.
1114 2043 1125 2064 ι

339 2097 403 2152 538.
423 2099 517 2169 Quippe
525 2107 573 2171 qm'.
589 2099 677 2169 Vulgo
689 2101 806 2171 quiapro
891 2089 957 2162 ΕΜ.
983 2100 1052 2151 Illius
1067 2109 1154 2169 sumpt.
1175 2098 1265 2153 Codd.
1276 2100 1359 2153 Bentl.

295 2175 345 2249 qus.
360 2209 399 2220 -
415 2184 495 2241 Vero,
509 2179 585 2231 Sene.
596 2207 636 2220 --
651 2180 724 2230 Recte
740 2199 804 2240 sane,
848 2179 967 2231 universi
976 2179 1022 2243 sic,
1035 2178 1109 2242 itlius,
1120 2195 1176 2230 nou
1185 2179 1272 2245 huius,
1289 2179 1359 2250 quod

296 2256 807 2330 subdistinguin-Quippequi‚quip-
849 2256 912 2310 dent
930 2258 984 2310 elii.
1013 2289 1054 2300 —
1076 2258 1132 2310 Noa
1146 2269 1226 2330 queat.
1243 2257 1361 2323 Quidam

204 2351 207 2360 “
297 2335 686 2408 paquaratione,quippeita.
784 2401 786 2406 ,
849 2337 1110 2408 nequeat—Absor,
1127 2336 1360 2407 Clinia—Quam

339 2417 404 2485 539.
425 2416 458 2467 Id
470 2417 557 2467 remed:
576 2416 656 2486 Vulg.
687 2417 715 2468 id
728 2417 807 2468 omit·
849 2419 951 2468 rotenus
965 2417 1032 2468 illius
1044 2429 1093 2468 etc.
1112 2417 1202 2480 Quum
1213 2435 1270 2468 non
1286 2429 1361 2487 pote·

297 2495 370 2547 titur.
383 2495 484 2558 -Id,
499 2496 577 2548 heros
597 2496 685 2548 saltere
696 2497 723 2548 in
737 2496 806 2548 loco.
847 2497 884 2548 rit
899 2495 1020 2548 sufficere
1041 2495 1165 2566 impensis
1182 2495 1276 2548 amica
1290 2490 1361 2548 sum·

339 2575 403 2636 tao.
420 2575 477 2625 Jom
487 2575 541 2625 duic
553 2579 676 2626 mansisset
690 2579 751 2627 unic.
762 2595 806 2645 gn.
847 2587 958 2646 ptuoste.

296 2653 369 2706 domi.
392 2654 535 2724 Reponunt
560 2653 652 2725 plures
674 2657 710 2707 e'x'
730 2656 807 2728 Bent.
892 2652 1362 2719 545.Ad‚adversns.-Fadricm,

298 2735 353 2785 duic
362 2735 413 2804 jam
427 2753 457 2785 m.
468 2745 519 2786 etc.
529 2735 589 2786 Vet.
601 2733 661 2786 cod.
672 2753 713 2804 ap.
727 2733 806 2788 Lind.
846 2733 986 2796 fallacinm,
994 2733 1151 2786 machinam.
1160 2733 1311 2789 -Stolt'dus
1319 2746 1360 2786 ast.

298 2815 364 2866 Nam
384 2813 446 2864 duic.
465 2812 543 2866 Both.
562 2813 586 2865 J.
599 2803 702 2884 prinlum
714 2815 767 2865 lauis
780 2833 806 2883 p.
850 2815 910 2884 lpse
918 2811 1204 2883 serensstupidusest,
1220 2831 1270 2866 nec
1281 2815 1361 2868 uttam

298 2911 337 2943 un.
352 2896 475 2942 mansisset
489 2893 514 2943 d.
526 2925 567 2934 -
585 2891 657 2954 lum,
674 2903 703 2944 ut
721 2895 807 2946 statim
849 2892 929 2946 habet
951 2891 1083 2944 solertium
1103 2889 1136 2943 ed
1148 2893 1280 2961 ejusmodi
1291 2893 1361 2947 sran-

297 2973 447 3041 exemplum
462 2971 808 3041 proferam.-Huic,‘Me·
850 2971 910 3024 dem
926 2970 1112 3024 fabricandam.
1218 3025 1221 3028 ,

296 3047 417 3103 nedemo.
892 3051 957 3114 546.
971 3051 1098 3122 Acls'utarc.
1109 3051 1139 3104 C.
1148 3051 1181 3103 G.
1190 3067 1225 3103 na.
1237 3052 1360 3122 seryum.

341 3129 405 3192 541.
427 3127 558 3180 Jocon'cn
567 3132 637 3182 serio.
653 3129 698 3182 Br.
707 3131 765 3199 joco
773 3151 808 3182 *on
851 3163 891 3173 -
904 3132 1037 3201 Aelj'tstcm
1060 3131 1116 3182 sub.
1133 3133 1313 3196 Dromonem,
1335 3143 1362 3184 et

299 3229 319 3260 s.
332 3239 371 3250 --
384 3209 430 3261 Ille
442 3209 501 3262 ltoer.
517 3208 569 3260 Alii
582 3209 653 3261 illaec.
670 3241 709 3252 -
720 3211 808 3262 Jocon'
852 3210 976 3282 intellige,
987 3211 1014 3262 in
1025 3210 1090 3262 hero
1103 3209 1228 3264 sallendo.
1240 3241 1282 3254 -·
1290 3210 1360 3263 Ado-

299 3307 332 3340 an
351 3293 412 3340 serio
425 3301 476 3341 etc.
495 3289 595 3340 Iterum
606 3287 639 3340 ud
651 3301 809 3358 spectatores
852 3291 973 3342 lescentrde'
980 3309 1060 3340 causa.
1071 3287 1361 3343 Utdeunlaereturlac·

299 3387 452 3432 conversus,
465 3387 550 3421 secum
561 3369 689 3437 loquitur.
853 3383 879 3423 to
892 3370 1016 3440 pravitas,
1032 3369 1052 3420 ai
1070 3385 1102 3419 oo
1114 3370 1268 3440 pertineret.
1284 3370 1360 3421 Boot

339 3449 407 3512 sas.
430 3449 486 3501 Nisi
499 3449 557 3500 milri
568 3449 662 3521 quidem
673 3447 745 3500 odals't
757 3453 809 3501 uni·
894 3447 958 3519 547.
980 3448 1064 3500 Facile
1085 3448 1191 3518 equidem
1211 3457 1268 3501 ot'e.·
1283 3447 1360 3500 Peri·

301 3547 362 3580 mum
383 3541 431 3581 etc.
454 3529 552 3598 lguoro
570 3529 672 3580 serione
694 3547 727 3580 an
746 3530 809 3599 joco
851 3527 914 3580 tiam
924 3545 996 3580 snam
1006 3528 1073 3580 eirca
1084 3525 1235 3597 hujusmodi
1244 3546 1303 3580 rem
1315 3527 1361 3580 de·

299 3608 442 3678 loquetur3
456 3609 543 3661 omnia
556 3609 738 3678 ergoignoro,
758 3609 809 3660 nisi
852 3607 932 3659 clarat
951 3623 1056 3668 servum
1082 3605 1126 3658 aod
1146 3607 1292 3677 subjicitse
1306 3623 1361 3660 me·

301 3685 381 3754 illud,
403 3688 501 3740 scilicet
516 3688 586 3740 iltius
610 3685 726 3740 consiliis
744 3688 808 3738 mihi
851 3697 925 3738 tuere
936 3685 1040 3738 domini
1052 3686 1230 3747 voluntatem,
1246 3699 1274 3739 et
1286 3703 1361 3757 posse

301 3765 419 3819 animum
435 3766 513 3833 addi,
527 3779 628 3819 'ete.-
654 3769 710 3835 Quo
728 3767 808 3817 lrabeat
852 3765 940 3824 facile,
966 3767 987 3818 si
1011 3765 1067 3837 ipse
1086 3763 1201 3818 voluerit
1221 3766 1361 3838 imperare.
1416 3805 1419 3810 ,
1481 3799 1482 3808 κ

300 3851 385 3915 magis.
413 3847 450 3899 Ut
467 3847 553 3900 acrius
565 3845 670 3917 cupium
681 3845 808 3917 perficere
851 3845 977 3916 Engrapls.

299 3927 407 3978 technas
419 3943 485 3996 quas
497 3927 592 3996 cogito.
891 3927 956 3989 548.
978 3924 1022 3986 Μ,
1038 3924 1116 3978 herm
1127 3923 1358 3986 lettere-catto,

342 4003 405 4067 ⁵43.
427 4005 463 4056 m
473 4023 543 4060 nunc.
557 4003 637 4072 Alias,
647 4005 685 4057 Ae
696 4023 805 4059 nunn-
848 4002 956 4071 callida,
968 4005 1048 4075 longo
1058 4021 1108 4057 usu
1120 4004 1185 4057 seio.
