2926 4858
275 398 496 466 DANlELlS
524 398 696 466 HElNSll
725 399 1033 469 DISSERTATIO.
1128 421 1194 472 'cix

118 530 331 615 Terentium,
345 527 491 624 exempli
505 552 621 611 causa,
640 528 867 624 Adelphorum
881 532 983 601 initio.
1000 533 1119 629 Neque
1134 536 1190 603 im-

118 639 245 705 merito.
262 637 410 705 Mirifice
429 637 646 730 enim,quum
666 634 762 722 alibi,
777 652 848 715 tum
868 637 912 706 ibi
927 642 1089 733 regnatcb
1109 639 1190 721 ἦθος.

117 743 211 811 ldem
229 745 360 825 Varro,
375 767 481 836 quum
496 742 693 836 Tragoedias,
710 742 907 833 Comoedias,
918 768 957 814 ac
973 748 1088 816 Satirae
1101 747 1193 818 ellin-

120 864 173 942 gat
185 847 334 937 formas,
349 849 482 944 quidde
499 849 761 944 nostrojudicet,
773 849 895 920 diserte
908 855 1076 946 expressit.
1087 854 1192 923 Uber-

119 970 220 1025 tatem
237 957 331 1024 enim
349 957 466 1025 tribuit
481 955 677 1050 Tragoediae,
695 981 796 1051 quam
812 958 871 1027 dat
885 960 1050 1028 Pacuvio:
1065 961 1192 1054 gracili·

120 1075 220 1130 tatem
239 1063 376 1148 Satirae,
394 1053 492 1157 quam
517 1062 633 1131 tribuit
654 1062 805 1132 Lucilio:
828 1064 1091 1135 mediocritatem
1113 1091 1193 1137 vero

119 1168 323 1254 Comoediae,
338 1193 437 1262 quam
456 1168 515 1237 dat
535 1169 699 1238 Terentio.
719 1173 769 1239 Ut
790 1173 816 1240 si
840 1172 914 1266 quis
931 1173 1102 1240 uberrimo
1122 1198 1189 1242 ser-

120 1276 228 1344 monis
245 1274 550 1368 genereheroicum
561 1274 698 1345 deliniat
707 1279 863 1364 Poetam3
878 1292 912 1347 et
919 1279 985 1347 hoc
995 1279 1196 1348 tribuatVir-

120 1379 209 1474 gilio.
230 1379 338 1450 Aulus
358 1380 499 1465 Gellius,
523 1380 580 1450 lib.
606 1404 767 1477 v11,oap.
796 1381 862 1454 13:
882 1387 1002 1454 «Vera
1022 1399 1133 1454 autem
1161 1401 1195 1455 et

120 1489 257 1580 propria
277 1487 469 1580 hujusmodi
488 1473 671 1556 formarum
690 1488 859 1583 exempla,
873 1491 908 1558 in
926 1489 1038 1586 lingua
1060 1493 1196 1577 Latina,
1232 1493 1234 1496 ’

121 1595 166 1660 Μ.
185 1594 300 1662 Varro
319 1617 390 1662 esse
406 1593 502 1681 dicit,
520 1594 678 1662 ubertatis
694 1597 896 1682 Pacuvium,
915 1596 1105 1691 gracilitatis
1127 1601 1197 1667 Lu·
1249 1687 1253 1702 Ι

121 1698 252 1786 cilium,
268 1699 505 1769 mediocritatis
518 1701 753 1769 Terentium.»
772 1702 857 1790 Quae
875 1716 925 1771 est
942 1704 984 1772 de
998 1705 1196 1791 Comoediae,

121 1804 406 1900 quemadmodum
424 1807 459 1873 in
476 1805 597 1875 scholis
611 1804 793 1900 loquimur,
812 1810 970 1878 essentia:
984 1834 1087 1903 quum
1101 1809 1198 1880 Plau-

122 1926 173 1980 tus
201 1937 291 2006 saepe
316 1912 480 2006 Tragico,
504 1936 745 2006 nonnunquam
772 1938 905 2009 quoque
935 1917 1041 2000 serio,
1072 1931 1196 1986 utatur.

122 2019 338 2112 Quamquam
358 2017 404 2086 ibi
420 2043 499 2087 sane
518 2044 644 2102 sermo,
659 2032 699 2086 ut
715 2021 826 2114 priore
840 2019 952 2090 locoa
967 2024 1120 2090 Varrone
1142 2048 1196 2092 ac·

124 2127 254 2219 cipitur.
272 2127 392 2194 Sermo
410 2125 544 2194 enimet
560 2125 595 2194 τὸ
611 2121 682 2203 ἦθος
697 2124 875 2214 differunt,
889 2140 927 2194 ut
940 2127 1042 2196 homo
1055 2127 1199 2221 pruden-

124 2233 284 2319 tissimus,
298 2245 332 2299 et
347 2230 482 2300 foemina
495 2257 568 2326 quae
580 2256 664 2326 pure
678 2228 840 2325 loquitur3
850 2231 955 2327 qualis
966 2232 1088 2303 dicitur
1098 2236 1198 2304 Grac·

126 2338 266 2407 chorum
285 2338 701 2433 mater.Unumquemque
718 2339 808 2407 enim
830 2353 919 2408 recte
941 2342 1145 2437 exprimere,
1166 2357 1199 2412 et

124 2443 307 2515 humanam
324 2446 451 2540 optime
472 2443 636 2514 delineare
656 2446 781 2532 vitam,
800 2471 949 2516 summus
972 2461 1071 2541 atque
1092 2462 1197 2518 extre·

126 2575 197 2620 mus
214 2552 281 2620 viri
298 2566 399 2645 atque
415 2552 561 2620 auctoris
577 2553 711 2621 maximi
728 2567 866 2624 conatus
882 2568 941 2622 est.
956 2555 1061 2624 Recte
1077 2556 1197 2624 Gram-

127 2658 236 2728 matici
252 2658 297 2727 ad
317 2656 537 2752 Sophoclem:
554 2639 633 2725 lieet
653 2649 688 2725 δὲ
703 2669 798 2726 τοῦτο
821 2661 965 2755 μέγιστον
988 2664 1018 2728 ἐν
1035 2671 1197 2756 ποιητικῇ,

128 2753 236 2838 δηλοῦν
250 2763 323 2842 ἦθος
337 2789 345 2833 :
363 2793 380 2828 a
389 2767 450 2834 Est
463 2779 574 2834 autem
589 2763 670 2833 illud
685 2767 866 2834 maximum
880 2767 915 2834 in
928 2767 1075 2853 Poetice,
1090 2770 1197 2862 expri-

127 2895 213 2939 mere
231 2871 340 2940 ethos.
353 2900 371 2937 »
383 2870 538 2940 Debebat
553 2869 733 2956 addidisse,
746 2872 780 2940 in
793 2873 984 2942 Dramatica
1001 2876 1193 2968 praesertim.

128 2977 168 3046 Et
185 2979 348 3046 Horatius
365 2992 435 3046 tam
455 2976 566 3046 multis
587 2979 691 3046 vitam
709 2977 892 3074 Tragoediae
910 2980 947 3047 τὸ
964 2977 1034 3058 ἦθος
1048 3004 1118 3048 esse
1135 2979 1198 3049 do·

130 3085 202 3152 cuit.
217 3082 416 3153 Aristoteles
433 3107 531 3168 vero,
550 3084 649 3152 etiam
671 3085 705 3152 iu
722 3085 916 3179 Tragoedia,
935 3100 1012 3180 post
1025 3086 1200 3155 Actionem

128 3180 245 3284 (qnam
270 3189 434 3259 Fabulam
455 3189 652 3286 plerumque
676 3185 824 3282 vocat),
844 3216 919 3286 quae
949 3193 1097 3262 essentiae
1124 3215 1201 3286 pars

130 3297 249 3390 prima,
271 3312 404 3393 partem
426 3298 576 3368 essentie
598 3295 778 3366 secundam
796 3299 967 3367 constituit
983 3295 1113 3377 τὸῆθος.
1131 3299 1201 3366 Mi-

130 3426 199 3471 rum
211 3420 262 3474 est
281 3419 411 3490 autem,
426 3402 536 3474 locum
551 3403 713 3473 Varronis
727 3429 747 3473 a
760 3406 891 3473 nemine
907 3403 1120 3473 intellectum.
1133 3405 1201 3493 Qui

132 3495 227 3602 quum
246 3511 394 3607 palmam
412 3511 446 3580 in
464 3511 667 3606 argumentis
686 3510 821 3581 Caecilio
835 3510 1004 3598 concedit,
1016 3511 1201 3606 principem

135 3617 308 3689 Comoediae
326 3617 417 3688 haud
440 3617 542 3687 dubio
566 3615 736 3688 Caecilium
755 3618 942 3694 constituit.
962 3613 1100 3705 Quare?
1121 3621 1202 3687 Pars

135 3723 308 3820 Tragoediae
337 3725 516 3821 praecipua'
532 3738 582 3793 est
603 3725 857 3819 Argumentum.
887 3721 1080 3793 Aristoteles
1100 3723 1201 3794 modo

137 3831 230 3920 μῦθον,
243 3831 348 3902 modo
370 3841 434 3898 τῶν
453 3830 645 3926 πραγμάτων
666 3829 950 3918 adstatis,voeare
965 3829 1057 3900 solet.
1080 3830 1149 3919 Qui
1170 3845 1205 3926 et

136 3937 235 4008 multis
249 3939 395 4038 probat,
414 3961 509 4024 eum,
525 3938 582 4031 qui
599 3935 664 4005 hac
682 3951 777 4031 parte
796 3934 944 4024 excellit,
962 3937 1088 4006 etiamsi
1106 3951 1202 4007 eaete-

137 4043 174 4112 ris
191 4044 410 4134 destituatur,
432 4043 661 4114 Dramaticum
683 4059 816 4139 poetam
838 4042 902 4114 dici
920 4069 1026 4138 posse.
1050 4044 1129 4112 Pars
1147 4069 1201 4113 se·
