2926 4858
463 389 532 460 DE
558 389 819 460 THEtTtto.
1075 411 1177 458 taxat

121 529 221 586 autem
235 512 386 582 Theatris
401 510 462 609 (ait
471 513 674 609 Vitruvius),
688 537 762 607 quae
776 515 893 580 Romae
906 512 1028 606 passim
1043 509 1181 596 fiebant,

122 650 181 694 aon
202 637 270 694 erut
296 621 385 692 vasis
403 622 500 692 aeneis
519 649 624 720 opus,
642 649 748 718 quum
771 621 996 700 tabulationes
1016 623 1181 692 haberent

120 733 313 832 complures,
332 759 417 829 quas
440 759 560 804 souare
581 759 714 804 necesse
732 749 816 804 erat.
835 733 957 804 Aditus
973 733 1132 829 permulti
1151 747 1185 802 et

123 847 244 943 spatiosi
263 844 417 939 dispositi
437 858 533 914 erant
545 845 633 917 circa
649 845 851 933 Theatrum,
866 869 927 913 nec
941 844 1113 937 conjuncti
1127 868 1183 913 su·

118 959 253 1052 periotes
270 954 508 1040 inferioribus,
522 953 580 1024 sed
593 980 634 1024 ex
654 957 811 1050 omnibus
829 955 911 1026 locis
923 955 1076 1050 perpetui
1088 969 1122 1024 et
1130 953 1182 1023 di··

117 1067 207 1154 recti,
223 1066 297 1134 sine
317 1065 520 1134 inversuris:
533 1065 603 1152 uti,
623 1089 727 1160 quum
747 1065 893 1161 populus
919 1065 1151 1134 dimittebatur
1169 1091 1189 1136 e

117 1174 326 1272 spectaculis,
343 1199 416 1244 non
431 1175 724 1269 comprimeretur,
746 1175 803 1246 sed
820 1175 960 1246 haberet
972 1200 1013 1244 ex
1027 1176 1185 1246 omnibus

113 1283 187 1356 locis
202 1287 317 1356 exitus
333 1301 503 1380 separatos
517 1285 589 1356 sine
603 1286 830 1382 impeditione.
851 1285 1032 1381 Reliquum
1048 1287 1186 1372 Theatri

113 1398 288 1468 artificium
299 1422 318 1466 a
329 1397 437 1492 gradu
448 1397 600 1467 omnium
615 1397 835 1492 superiorein
854 1395 1068 1468 altitudinem
1082 1397 1186 1467 trium

111 1507 401 1603 contignatiouum
417 1522 652 1602 exporrectum
665 1524 757 1598 erat,
771 1509 872 1578 etiam
888 1509 923 1578 in
939 1507 1160 1605 hemicyclum
1175 1536 1185 1598 ;

113 1632 204 1713 atque
216 1620 271 1688 ita
285 1616 544 1706 exaedificatum,
555 1633 594 1688 ut
610 1620 761 1714 porticus
774 1619 937 1708 efficeret,
951 1618 1188 1714 undecumque

111 1743 278 1823 patentes,
304 1742 339 1797 et
356 1726 521 1797 columnis
539 1728 619 1799 hinc
637 1743 671 1798 et
698 1728 777 1799 iude
796 1731 982 1801 ornatiores
1009 1731 1132 1820 factas,
1151 1733 1187 1800 in
1256 1755 1261 1764 ·

113 1865 188 1934 quas
204 1837 360 1935 populus
378 1862 413 1907 se
427 1839 604 1933 reciperet,
627 1839 655 1907 si
678 1839 814 1934 quando
830 1855 969 1934 propter
987 1841 1110 1909 imbres
1129 1855 1190 1909 aut

113 1949 179 2020 caeli
192 1963 435 2044 tempestatem
452 1949 564 2018 minus
582 1948 811 2034 commodam,
833 1948 904 2018 ludi
931 1948 1186 2043 interpellaren-

113 2075 172 2130 tur.
187 2063 283 2130 Eam
299 2058 435 2129 Theatri
449 2073 578 2152 partem
593 2059 852 2128 Praecinctiones
865 2057 1000 2126 videtur
1018 2056 1189 2152 appellare

111 2172 290 2243 Vitruvius
305 2195 314 2238 :
329 2168 474 2258 Plinius,
492 2171 679 2264 «parietem
702 2169 995 2263 circumjectum.»
1017 2167 1083 2238 Sed
1101 2169 1191 2238 infe-

110 2281 214 2353 riores
237 2294 274 2349 et
299 2278 358 2347 imi
375 2279 513 2348 Theatri
534 2281 683 2374 porticus
703 2276 853 2374 duplices
872 2293 989 2368 erant,
1011 2279 1189 2376 mediaque

111 2393 216 2486 spatia
238 2389 302 2459 sub
329 2387 406 2457 divo
435 2389 525 2459 inter
551 2390 701 2485 porticus
727 2389 890 2459 viridibus
914 2389 1186 2479 adornabantur,

109 2501 199 2596 quod
211 2500 347 2596 (iuquit
355 2497 550 2595 Vitruvius)
562 2501 750 2595 Hypaethrae
764 2499 1008 2570 ambulationes
1022 2500 1188 2570 haberent

109 2635 269 2709 magnam
287 2608 528 2680 salubritatem.
546 2609 777 2705 Replebantur
793 2611 1103 2707 quoque,¹auctore
1116 2610 1185 2682 Pli-

109 2723 183 2810 nio,
204 2721 289 2790 llore
310 2721 399 2790 croci
417 2719 616 2815 sylvestris,
623 2736 763 2817 propter
783 2719 959 2790 oculorum
987 2720 1184 2816 oblectatio·

110 2859 203 2922 amn,
216 2849 258 2902 ut
270 2846 369 2928 puto,
379 2833 486 2927 magis
499 2856 600 2927 quarn
615 2832 658 2900 ad
671 2831 807 2903 odorem
821 2831 1079 2903 conciliandum.
1091 2833 1186 2922 Quin

109 2945 210 3012 etiam
229 2967 273 3011 ne
298 2941 376 3011 solis
402 2941 503 3011 ardor
526 2943 706 3012 autetiam
735 2957 933 3036 conspectus
953 2941 1116 3038 populum
1140 2943 1184 3013 ab

110 3054 222 3124 officio
245 3051 457 3142 deturbaret,
477 3067 582 3147 utque
601 3052 768 3124 salubrius
789 3069 996 3148 spectatores
1009 3054 1184 3148 conspice·

111 3181 183 3235 rent
200 3164 301 3260 (uam
319 3164 470 3259 porticus
488 3178 626 3259 propter
639 3165 763 3233 imbres
778 3179 909 3234 tantum
928 3164 1098 3234 aedificatae
1113 3163 1190 3234 fue-¹

110 3273 231 3370 runt),
242 3275 431 3368 excogitata
449 3288 528 3345 suut
545 3271 629 3345 Vela
639 3289 714 3345 toto
729 3274 894 3361 Theatro,
908 3291 1008 3370 atque
1021 3274 1106 3344 adeo
1119 3274 1184 3369 ipsi

109 3385 247 3454 Theatri
275 3409 382 3454 caveae
409 3398 603 3478 supertensa
621 3409 732 3480 ,quae
756 3385 1000 3480 spectatoribus
1029 3383 1185 3454 umbram

110 3493 259 3565 facerent
271 3495 382 3590 :quod
397 3495 526 3589 primus
539 3495 690 3565 omnium
704 3497 834 3567 invenit
847 3497 891 3585 Q.
907 3492 1063 3581 Catulus,
1077 3520 1184 3590 quum

110 3604 317 3700 Capitolium
340 3602 519 3674 dedicaret.
549 3605 731 3675 Carbasina
755 3605 875 3676 deinde
896 3603 970 3676 vela
997 3605 1125 3700 primus
1147 3608 1184 3676 in

110 3713 256 3785 Theatro
269 3714 407 3784 duxisse
421 3713 564 3783 traditur
576 3714 741 3785 Lentulus
755 3717 917 3811 Spinther
929 3714 1183 3811 Apollinaribus

110 3822 235 3914 Ludis;
254 3849 337 3894 mox
354 3823 428 3919 (ait
447 3822 598 3919 Plinius)
624 3827 737 3896 Caesar
760 3826 916 3896 Dictator
940 3840 1048 3898 totum
1071 3827 1183 3897 forum

112 3936 300 4006 Romanum
327 3934 459 4010 intexit.
479 3937 571 4006 Nero
594 3940 704 4007 Caesar
724 3934 824 4023 velis,
846 3935 1043 4006 rudentibus
1063 3959 1183 4032 super·

112 4045 238 4134 stratis,
254 4059 289 4116 et
304 4041 421 4116 colore
434 4041 503 4114 raeli
518 4044 639 4118 stellati
652 4047 944 4144 Amphitheatrum
962 4048 1128 4136 contexit,
1143 4065 1184 4120 ut

160 4170 189 4235 I.
1011 4171 1029 4238 f
