3014 4872
390 417 563 486 vroron
591 419 653 487 nn
680 417 930 488 cononum.
1054 505 1056 510 ,
1133 442 1197 490 m

116 573 202 620 nem
222 550 410 644 accepimus
425 551 606 645 praesertim
622 575 643 620 a
657 575 735 646 rege
749 551 962 621 celebratum.
973 551 1100 620 Contra
1115 575 1196 620 vero

116 658 224 728 Nova
258 655 431 726 Comoedia
458 657 606 744 iambos,
631 671 669 726 ut
697 657 877 752 plurimum
907 656 1006 744 solet,
1034 672 1197 753 usurpat;

118 762 407 858 quemadmodum
426 787 445 831 a
470 763 622 849 Stobaeo,
642 762 843 848 Plutarcho,
864 761 974 834 Gellio
996 764 1097 832 citata
1119 766 1197 832 Me·

119 869 247 938 nandri
268 871 415 938 earmina
434 868 671 939 demonstrant

180 978 279 1045 Binas
295 990 455 1070 apparatu
478 975 680 1046 differentias
694 977 855 1046 exstitisse
873 977 1080 1070 grammatici
1098 974 1198 1044 tradi·

119 1081 269 1166 derunt,
287 1107 389 1176 quum
410 1080 534 1152 scilicet
550 1085 584 1151 in
602 1084 770 1177 personis,
781 1099 852 1152 tum
869 1083 902 1150 in
921 1083 994 1175 ipsa
1011 1083 1111 1166 serie,
1129 1084 1197 1152 Co-

119 1187 388 1283 moediarumque
404 1202 572 1257 contextu.
584 1188 754 1258 Platonius
771 1191 861 1259 enim
877 1202 1055 1258 auctorest
1068 1189 1199 1258 Veteris

121 1294 309 1366 Comoedia
334 1308 449 1388 poetas
471 1321 489 1364 e
511 1319 608 1365 scena
636 1294 749 1366 solitos
773 1321 844 1366 esse
868 1319 924 1363 cos
950 1294 1091 1365 educere
1120 1319 1198 1390 per·

121 1415 280 1486 somnos,
297 1403 353 1495 qui
371 1401 482 1470 statim
504 1427 544 1470 ex
567 1403 638 1496 ipsa
656 1402 760 1490 facie,
779 1427 863 1497 quos
882 1414 990 1470 essent
1008 1415 1079 1470 toto
1097 1426 1198 1497 opere

122 1508 296 1603 carpturi,
316 1508 556 1601 spectatoribus
577 1508 762 1578 indicarent
784 1533 797 1577 ε.
811 1523 867 1595 ut,
890 1509 916 1576 si
935 1507 1020 1576 forte
1038 1509 1112 1602 quis
1131 1533 1200 1578 non

122 1614 241 1684 audire
270 1616 419 1683 carmina
446 1629 639 1710 cogeretur,
659 1614 701 1684 de
730 1638 874 1711 persona
898 1628 1028 1700 tamen,
1050 1616 1201 1709 quisnam

123 1735 215 1791 esset
241 1719 459 1809 deridendus,
488 1736 691 1817 agnosceret.
726 1721 792 1792 Sed
823 1723 955 1798 Comici
984 1723 1203 1805 recentiores,

124 1827 171 1896 ad
189 1827 402 1897 excutiendos
422 1829 629 1922 potissimum
649 1829 749 1914 risus,
768 1828 967 1897 histrionum
987 1827 1087 1897 facies
1102 1827 1203 1898 conli-

125 1948 301 2029 gurarunt.
318 1936 371 2004 De
389 1933 549 2003 industria
567 1934 698 2029 quidem
721 1948 926 2004 monstrosos
942 1935 1115 2002 hominum
1133 1934 1205 2003 vul·

124 2055 182 2110 tus
203 2040 362 2135 effingere
383 2041 610 2124 conabantur,
629 2065 671 2110 ne
693 2042 836 2136 cuipiam
859 2040 945 2108 forte
973 2039 1112 2109 fortuna·
1130 2043 1205 2109 Ma·

126 2147 246 2216 cedoni
262 2159 344 2216 tunc
357 2146 516 2242 praelecto
536 2146 656 2216 similes
675 2171 747 2216 esse
762 2146 956 2214 viderentur
973 2170 981 2214 τ
998 2145 1204 2240 proindeque

126 2255 231 2322 miser
260 2252 314 2322 ille
338 2268 456 2348 poeta,
479 2279 547 2324 non
570 2279 664 2323 secus
689 2277 729 2322 ac
757 2257 783 2324 si
812 2252 993 2320 barbarum
1020 2253 1205 2347 principem

128 2358 209 2428 data
224 2383 325 2454 opera
341 2361 560 2429 subsannaret
571 2412 585 2447 ,1
591 2358 724 2456 publice
744 2358 974 2428 mulctaretur:
986 2359 1070 2429 adeo
1087 2357 1207 2429 nobilis

127 2465 184 2534 illa
211 2469 405 2536 Graecorum
435 2466 589 2560 majestas
618 2466 756 2561 impuris
783 2465 1044 2560 obtemperabat.
1070 2467 1204 2562 Quippe
1261 2516 1262 2520 =

127 2571 269 2642 distorta
289 2597 431 2668 corpora
447 2573 634 2642 Menander
653 2565 693 2662 (si
717 2571 866 2641 Platonio
887 2569 1066 2658 credimus)
1087 2572 1204 2666 plane·

129 2703 196 2774 que
223 2703 436 2750 communem
458 2680 632 2749 hominum
659 2679 852 2748 excedentia
879 2693 1032 2747 naturam
1056 2680 1206 2773 personis

127 2785 501 2881 imitabatur,profecto
518 2787 695 2882 sapienter,
707 2786 917 2874 «Quoniam,
929 2786 1036 2880 inquit
1054 2783 1125 2870 ille,
1139 2787 1207 2855 non

128 2891 239 2964 solum
264 2891 409 2978 malum,
433 2893 490 2962 sed
511 2897 544 2962 e't
573 2892 651 2962 mali
677 2890 812 2960 vitanda
836 2905 886 2960 est
905 2892 1081 2988 suspicio.»
1104 2891 1207 2980 Quod

129 3013 242 3068 autem
260 2999 301 3067 ad
316 3002 343 3068 F
344 2998 448 3069 abulae
463 3002 605 3095 pertinet
621 3014 832 3085 contextum,
846 2998 969 3067 chorus
988 2999 1022 3066 in
1042 3022 1141 3068 causa
1158 3013 1208 3069 est

129 3131 192 3175 cur
209 3105 296 3174 inter
314 3131 351 3176 se
369 3108 508 3175 Veteres
526 3106 681 3200 Notique
697 3129 765 3174 non
786 3105 974 3198 quadrent:
994 3104 1207 3199 quandoqui-

129 3211 207 3282 dem
234 3211 280 3280 illi
309 3214 401 3280 varia
426 3212 577 3308 quaedam
603 3211 830 3282 modulamina
857 3211 1109 3305 temperabant,
1131 3237 1205 3306 quae

129 3319 255 3389 chorus
278 3319 417 3414 singulis
439 3317 566 3388 actibus
591 3317 820 3389 intercinendo
842 3316 974 3413 plebem
999 3319 1068 3387 sine
1091 3317 1208 3406 taedi0,

128 3449 304 3520 quousque
326 3427 403 3494 novi
423 3425 659 3520 egrederentur
678 3426 872 3513 histriones,
894 3424 1067 3494 detineret.
1091 3426 1204 3518 Popu·
1229 3453 1233 3460 ·

129 3531 183 3602 lus
204 3533 292 3601 enim
318 3533 546 3620 Atheniensis,
561 3547 724 3627 quatenus
748 3556 859 3601 rerum
885 3531 1039 3600 dominus
1061 3529 1208 3600 habeba—

130 3653 206 3727 tur,
229 3641 405 3733 quotannis
420 3639 543 3710 AEdiles
564 3640 715 3726 creabat,
735 3640 968 3733 qui'sumptus
985 3635 1111 3707 alendis
1129 3663 1211 3732 pue·

131 3768 245 3814 rorarm
276 3745 388 3815 choris
412 3746 710 3816 subministrarent.
736 3747 901 3815 Caeterum
923 3743 1045 3813 chorus
1065 3759 1210 3839 quatuor

130 3866 166 3921 et
189 3853 304 3947 viginti
323 3854 421 3938 viris,
440 3855 610 3948 puerisve,
624 3866 681 3922 aut
702 3850 833 3922 feminis
860 3848 1103 3936 instruebatur,
1124 3852 1212 3919 sicut

131 3959 373 4053 Aristophanes
386 3961 420 4027 in
430 3959 555 4032 nvibus
564 3958 689 4028 Fabula
700 3972 863 4028 nunoerat.
877 3959 912 4026 Si
925 3980 1005 4026 vero
1018 3958 1208 4052 promiscue

131 4066 194 4134 viri
218 4065 413 4160 feminaeque
434 4066 476 4136 ad
490 4064 690 4162 explendum
709 4065 803 4134 chori
819 4089 995 4164 numerum
1011 4063 1209 4134 adhiberen·
