2996 4852
402 367 591 436 untur.
619 367 731 436 Aer.
760 367 796 450 1,
819 366 888 434 sc.
916 366 969 434 11.
1146 353 1225 467 339'¹

155 493 354 565 Uniusmodi
370 509 447 565 sunt
465 494 578 564 ferme.
594 494 697 563 Paulo
714 496 771 589 qui
788 506 839 563 est
857 495 960 563 homo
979 494 1170 586 tolerabilis,
1184 527 1223 574 ,με

154 601 301 673 Scortari
317 601 435 671 crebro
450 600 583 689 nolunt,
604 599 724 670 nolunt
742 601 861 692 crebro
879 603 1103 690 convivat-ier,

155 709 308 778 Praebent
327 711 444 805 exigue
463 722 652 804 sumptum3
673 723 772 803 atque
787 708 859 777 haec
878 721 961 816 sunt¹
972 722 1082 780 tamon
1099 710 1141 785 ad
1158 715 1224 780 vir-

312 830 416 885 tutem
439 839 562 884 omma.

154 923 283 992 Verum
303 923 360 990 ubi
381 923 511 991 animus
533 919 635 993 semel
653 947 688 992 se
706 919 886 1015 cupiditate
906 920 1054 990 devinxit
1075 921 1180 1009 mala,

154 1167 272 1241 Adelph.
283 1173 331 1233 64.
346 1167 430 1222 Ovid.
443 1171 503 1222 Am.
515 1170 546 1232 1,
558 1186 599 1232 rr,
618 1185 669 1238 17:
713 1168 773 1221 eula
786 1165 931 1237 subigatur.
947 1165 1042 1218 Seertes
1057 1168 1127 1220 enim
1143 1169 1225 1238 pelles

155 1251 244 1302 «Dum
258 1250 336 1303 fallax
350 1265 457 1314 savus,
472 1249 546 1300 durus
558 1261 641 1321 puter.
653 1273 665 1296 ι
714 1260 775 1300 aunt
791 1247 924 1312 arietina
939 1259 965 1300 et
974 1259 1083 1312 scorteu,
1094 1261 1125 1300 ut
1135 1249 1228 1302 Festus

150 1327 313 1394 Menander,
327 1355 338 1376 ι
348 1329 451 1398 Σνληρὸν
463 1330 522 1400 πρὸς
534 1329 583 1382 oliv
595 1331 619 1383 tv
634 1335 668 1401 τῷ
713 1325 815 1399 inquit,
832 1338 863 1378 ut
877 1327 997 1379 similiter
1011 1327 1115 1392 Varro,
1134 1329 1227 1402 appel·

158 1413 286 1462 motareis.
296 1435 307 1456 ι
323 1407 666 1478 Fornab.-Irjurioe.1rae,
711 1407 801 1460 lentur
817 1406 907 1459 omnia
922 1425 955 1460 ex
970 1405 1084 1488 pellibus
1097 1408 1167 1461 faeta
1179 1427 1226 1462 seu

157 1488 284 1559 quaefiliie
292 1487 666 1561 quideminjuritavideantur.
711 1487 797 1541 eoriis.
821 1486 910 1558 Colprlt.
923 1518 964 1530 -
979 1487 1147 1552 Convivarier,
1175 1507 1226 1560 pro

156 1567 274 1624 Perletus.
710 1571 841 1622 convivari.
856 1569 999 1640 Deponens
1016 1568 1129 1620 verbum
1149 1574 1230 1622 conri-

191 1647 258 1703 205.
280 1649 428 1702 Unitumodi.
448 1647 511 1702 Post
528 1650 666 1722 Guyetum
712 1668 772 1716 ror,
785 1660 832 1700 aut
856 1647 985 1718 significat
1004 1646 1139 1700 celebrare
1161 1667 1228 1702 con·

151 1727 261 1781 Botbius
280 1729 342 1800 legit
363 1728 514 1797 hujusmodi,
532 1745 564 1782 ex
583 1727 664 1782 codd.
708 1729 827 1794 rivium,
849 1740 895 1779 aut
919 1725 953 1780 ad
977 1727 1131 1780 convivium
1155 1728 1226 1781 inei·

147 1807 286 1876 probatius.
300 1841 339 1852 -
351 1807 494 1860 Uniusmodi
503 1809 582 1876 ferme
598 1821 663 1861 sunt.
709 1819 780 1873 tare,
796 1807 932 1860 autetiam
944 1807 1112 1876 frequentare
1133 1809 1226 1862 convi-

147 1886 272 1952 Ejusdem
289 1889 392 1958 generis
405 1887 590 1953 sunt,eodem
604 1907 662 1940 om·
707 1889 759 1942 via.
789 1885 893 1940 Nonius
918 1886 996 1938 etiam
1022 1884 1091 1938 dicit
1111 1887 1225 1942 inveniri

146 1985 193 2018 nes
208 1968 343 2039 pertinent
364 1986 394 2020 ae
412 1979 550 2038 spectant,
564 1985 663 2039 nempe
707 1970 820 2031 convivo,
832 1984 883 2037 pro
892 1969 1017 2025 convivor,
1034 1967 1226 2037 prueo,quod

146 2058 177 2098 ut
200 2045 233 2100 ad
254 2047 378 2100 virtutem
403 2047 503 2100 liberos
529 2046 661 2100 erudiant.
706 2059 759 2111 est,
773 2043 806 2097 ad
820 2049 950 2098 convivium
966 2049 1048 2097 invito.
1061 2046 1225 2118 Pomponius

146 2125 244 2179 Iurene.
261 2159 300 2170 —
315 2127 397 2178 Paulo
410 2130 451 2198 qui
465 2137 502 2178 est
518 2127 587 2178 domo
604 2128 661 2178 tole·
705 2124 807 2180 Munda
821 2125 974 2196 exemplum
988 2125 1157 2195 suppeditat:
1172 2152 1184 2174 ι
1195 2127 1223 2180 si

67 2229 74 2238 -
146 2205 247 2270 rabilis,
263 2219 312 2259 etc.
333 2205 377 2257 .Si
401 2206 461 2277 quis
477 2205 576 2269 bomo,
594 2205 610 2259 i.
635 2225 661 2259 e.
704 2204 822 2259 calendis
841 2209 982 2269 convivunt,
1004 2202 1097 2258 Idibus
1117 2219 1222 2261 ctenant

144 2298 237 2356 puter,
256 2299 295 2339 est
315 2285 398 2357 paulo
418 2285 580 2351 tolerabilis,
593 2287 611 2338 i.
633 2303 658 2339 e.
703 2286 801 2340 imis:-
819 2285 908 2354 Calpi.

144 2365 247 2428 lenior,
266 2363 451 2431 commodior,
471 2377 498 2418 et
516 2365 660 2418 humanior
714 2365 718 2392 ¹
747 2371 810 2434 ²67.
826 2365 910 2437 Atque
922 2367 973 2417 lucer
986 2375 1044 2414 sunt
1058 2375 1149 2430 torreo,
1168 2379 1218 2421 eto.

144 2461 205 2514 erga
227 2445 308 2502 filios,
330 2445 414 2516 siqui
436 2457 510 2509 suut,
531 2445 658 2518 iuquam,
702 2446 773 2512 Alii,
795 2447 835 2498 Et
852 2465 881 2496 ea
901 2457 959 2497 eunt
977 2445 1220 2499 temen—Probent

143 2523 315 2595 hujusmodi,
328 2525 367 2577 illi
385 2525 482 2578 nolunt
503 2524 573 2577 filios
591 2525 658 2578 libe·
702 2525 1220 2600 aiguesumptum.Paroeimpeneassup·

143 2603 198 2657 rius
208 2605 285 2676 genio
295 2603 445 2675 indulgere.
456 2629 467 2652 ι
478 2606 564 2658 Porro
573 2623 656 2676 quum
700 2605 878 2678 peditent—
888 2607 950 2658 Huc
970 2608 1059 2658 omnm.
1078 2605 1120 2658 So.
1141 2607 1216 2677 quod

143 2681 177 2736 de
190 2704 244 2738 uno
258 2684 349 2738 dicere
362 2686 483 2757 coepisset
496 2685 655 2751 Terentius,
699 2687 787 2741 nolint
805 2687 874 2739 filios
898 2685 991 2739 erebro
1010 2685 1133 2750 scortari,
1159 2688 1215 2739 exi-

141 2765 217 2832 paulo
227 2765 375 2829 tolerabilis,
385 2767 459 2838 quasi
471 2765 547 2818 multi
557 2779 654 2822 esseut,
699 2785 750 2838 gne
768 2779 901 2838 sumptum
922 2766 1048 2837 praebent.
1057 2797 1096 2808 —
1104 2764 1168 2819 Sunt
1180 2769 1217 2819 ad

142 2857 234 2915 postea
244 2844 426 2900 multitudiuis
434 2846 547 2898 verbum
556 2846 657 2916 posuit,
699 2850 828 2912 uirtutem,
841 2846 995 2899 efficiuntur
1006 2863 1021 2896 a
1033 2845 1168 2916 putribus,
1181 2861 1212 2902 ut

142 2925 228 2975 nolunt
243 2944 253 2976 .·
269 2924 494 2996 quemadmodum
513 2926 609 2997 saepius
624 2927 656 2980 lit
697 2926 770 2982 alunt
780 2928 906 2981 virtutem
918 2925 1029 2978 inullis.

141 3002 213 3075 apud
226 3005 342 3056 Latinos.
359 3006 494 3057 luventius.
740 3010 817 3078 208„
833 3009 924 3059 Verum
950 3007 992 3058 udi
1012 3010 1112 3059 munus.
1138 3009 1209 3074 Alii,

185 3087 248 3137 206.
270 3083 349 3136 Scort.
371 3085 432 3136 cred.
452 3087 544 3137 nolunt.
565 3085 652 3139 Marii.
697 3105 765 3159 quos
779 3088 848 3140 iuter
859 3087 987 3151 borbini,
1003 3105 1053 3144 uer,
1069 3089 1141 3138 anim.
1158 3090 1208 3143 udi.

142 3176 167 3215 et
190 3164 278 3217 Guell.
299 3183 329 3228 a,
353 3155 402 3235 pro
423 3166 508 3216 nolunt
527 3165 654 3219 exhibent
696 3177 737 3210 -ὲ-
754 3169 844 3220 Verum
858 3169 1015 3229 abierimus,
1028 3179 1078 3218 etc.
1094 3167 1207 3221 Senten-

141 3262 188 3295 rton
208 3245 271 3296 uult.
287 3244 360 3314 Lips.
381 3263 436 3296 non
452 3245 570 3315 agnoseit
586 3247 651 3298 alte·
696 3247 732 3300 tia
744 3260 782 3300 est
795 3266 802 3298 t
823 3249 949 3300 ·Etentm
961 3265 1043 3318 quum
1055 3243 1207 3302 adolescens

139 3343 199 3375 rum
207 3325 299 3385 nollent,
309 3324 347 3376 uti
356 3342 443 3394 neque
454 3323 544 3377 Editio
554 3325 648 3396 primu.
694 3326 791 3399 aliquis
799 3328 960 3380 irretitusest
969 3327 1037 3378 mala
1045 3325 1205 3396 eupiditate,

142 3403 561 3469 Were.Guels.1,seortart'non
579 3405 650 3470 uult,
694 3419 721 3460 et
745 3411 802 3479 ejus
824 3405 1015 3460 consuetudine
1038 3405 1206 3474 implicatus,

138 3483 220 3536 crebro
240 3485 391 3536 convivamur.
411 3513 452 3526 -
468 3483 579 3536 Scortari
597 3503 648 3536 cre·
692 3505 797 3539 neeesse
808 3501 884 3540 estut
894 3487 948 3539 vita
958 3485 1060 3548 omnis,
1071 3485 1203 3552 actiones,

139 3563 182 3614 hro
194 3563 292 3629 rtoluut,
307 3577 357 3617 ete.
367 3563 439 3617 Vide
454 3582 533 3635 quum
546 3565 599 3616 sint
610 3577 649 3617 to-
691 3568 801 3620 ooneilia
815 3567 990 3638 inquinentur
1002 3565 1051 3616 bac
1067 3565 1135 3617 melu
1148 3567 1204 3636 ejus

138 3641 257 3697 lerabiles
270 3643 324 3696 illi!
343 3645 405 3698 Non
419 3655 473 3697 tam
486 3648 589 3696 sconart
600 3663 648 3697 no·
690 3644 816 3711 libidine,
835 3663 946 3716 eamque
962 3643 1115 3710 redoleant,
1128 3663 1159 3697 ex
1173 3664 1204 3699 ea

138 3721 213 3784 lunt,
237 3741 319 3793 quam
340 3725 421 3775 crebro
443 3737 546 3776 tautum
564 3725 649 3776 nolunt
691 3738 721 3779 ut
733 3727 813 3780 rivuli
825 3738 915 3797 turpes
928 3743 959 3776 ex
974 3723 1113 3794 inquinato
1129 3724 1202 3777 fonte

138 3807 241 3855 scortari
254 3803 330 3856 filios.
343 3805 412 3857 Peri.
423 3837 464 3846 —
477 3803 599 3865 Scortari,
617 3817 648 3858 nt
692 3818 912 3878 consequuntur.»
922 3803 1066 3873 Improbat
1079 3817 1151 3857 recte
1163 3805 1202 3857 sa·

139 3883 227 3935 Varro
239 3883 342 3955 lnquit,
355 3897 394 3936 est
408 3887 494 3954 supino
513 3889 646 3938 meretricu-
691 3885 919 3959 oerepatres,qui
936 3885 1083 3937 liberorum
1099 3881 1202 3955 cupidi·

138 3961 186 4012 lam
206 3963 308 4025 ducem
323 3982 383 4035 que
400 3965 527 4019 meretrix
545 3967 645 4039 apelle
691 3979 756 4021 tates
783 3967 864 4021 mulus
898 3983 987 4020 severe
1014 3965 1202 4036 comprimant.

137 4055 240 4096 serretur
253 4045 418 4117 appellatur,
432 4043 506 4116 quod
523 4059 552 4100 ut
567 4047 644 4117 pelli·
689 4047 787 4102 Jureoc.

905 4149 1093 4238 '22¹¹
