2968 4856
287 437 361 524 354
499 434 683 504 runnu
710 419 981 503 rsusurrr'
1008 435 1146 512 arnt,

281 561 368 643 Nam
391 593 429 640 ea
451 585 523 639 tum
544 592 595 637 res
617 564 709 636 dedit
725 567 931 636 existimandi
951 569 1097 662 copiam,

282 675 491 769 Quotidianae
509 677 585 743 vitae
600 673 888 760 consuetudinem,

281 788 381 875 Quae,
399 784 558 877 cujusque
574 782 743 876 ingenium
759 791 798 849 u‘t
814 781 872 868 sit,
887 776 1034 850 declarat
1052 801 1216 850 maxume.

280 895 461 962 Texentem
480 888 579 958 telam
598 886 742 956 studiose
761 889 866 981 ipsam
884 887 1103 975 offendimus,
1308 917 1347 957 ns

280 997 498 1067 Mediocriter
515 996 684 1078 vestitam,
699 1008 790 1062 veste
810 992 959 1088 lugubri,

280 1105 360 1198 Ejus
381 1104 475 1173 anuis
496 1115 611 1185 causa,
626 1100 761 1194 opinor,
777 1121 850 1194 quae
869 1114 940 1168 erat
956 1114 1104 1184 mortua3

279 1213 358 1280 Sine
380 1235 480 1296 auro,
499 1222 570 1278 tum
587 1221 756 1292 ornatam,
779 1207 825 1275 ita
843 1207 892 1275 uti
914 1227 987 1301 qua
1010 1219 1171 1276 ornantur
1190 1205 1273 1296 sibi,

282 1316 381 1386 Nulla
401 1314 486 1384 mala
506 1339 541 1383 re
557 1335 627 1382 esse
647 1311 826 1407 expolitam
844 1311 1014 1398 muliebri3

282 1421 429 1518 Capillus
449 1445 578 1516 passus,
597 1417 763 1514 prolixus,
779 1421 902 1489 circum
923 1434 1023 1514 caput
1312 1461 1348 1501 ‚a

281 1530 436 1623 Rejectus
454 1526 677 1622 negligenter.
695 1574 704 1590 .
722 1522 819 1621 .pax!
837 1529 937 1597 Cum.
956 1524 1037 1622 Syre
1054 1527 1114 1614 mi,
1130 1517 1288 1595 obsecro!

280 1713 437 1781 necopinato
449 1706 501 1761 riri
513 1704 630 1760 adventu
645 1707 794 1759 occurrerit
835 1725 916 1772 rum,
933 1705 1007 1778 quod
1026 1719 1195 1780 portaretur,
1214 1703 1251 1759 ad
1273 1705 1349 1758 Anti·

281 1791 398 1846 oculia-
417 1788 490 1840 Peri..
836 1787 941 1860 plrilam
965 1807 1020 1840 non
1046 1788 1189 1858 pertinere.
1212 1787 1290 1838 Boecl.
1311 1817 1349 1828 -

324 1872 387 1923 282.
397 1868 507 1940 Copiorn.
517 1865 562 1919 Pa.
574 1865 601 1918 in
610 1885 694 1937 marg.
705 1867 792 1931 locun,
839 1867 904 1936 Quor
915 1879 1032 1918 ornentur
1044 1867 1097 1918 sibi.
1109 1865 1147 1920 Ut
1159 1865 1209 1918 sibi
1221 1865 1285 1918 solis
1297 1865 1350 1936 pla·

284 1969 333 2024 pro
345 1953 444 2020 copiam.
455 1979 495 1992 -
506 1947 549 2000 Ea
562 1964 606 1996 res.
619 1946 661 1998 Sc.
674 1943 747 2016 quod
759 1945 794 1997 ita
837 1959 928 2011 ceant,
942 1965 995 1998 nou
1010 1945 1181 2000 amatoribus.

282 2028 420 2102 improvisi
435 2024 676 2100 supervenerimus.
690 2057 730 2068 -
743 2025 793 2078 Co·
879 2027 943 2093 289.
952 2025 1101 2079 Nullumala
1111 2046 1144 2077 re.
1153 2026 1184 2078 C.
1193 2023 1227 2078 G.
1236 2025 1348 2076 membr.

279 2117 361 2183 piam,
378 2109 536 2163 facultatem.
550 2136 590 2148 -
613 2101 779 2158 Esutimandi
787 2143 795 2170 ,
838 2117 864 2158 et
883 2106 966 2160 chart·
986 2107 1046 2160 Hal.
1065 2107 1165 2170 malam,
1176 2123 1239 2156 cum
1252 2104 1350 2174 glossa,

281 2187 427 2264 judicandi.
838 2186 961 2238 munillurn
979 2188 1037 2256 ejus.
1057 2185 1127 2238 Perl.
1142 2217 1183 2229 --
1196 2183 1352 2248 Faerniani,

327 2271 391 2334 284.
419 2268 539 2339 Cujusque
561 2268 681 2334 ingenium
704 2275 730 2316 ut
751 2267 793 2316 sit.
837 2265 1035 2336 preterllemb.
1049 2277 1074 2318 et
1088 2263 1173 2317 Bentl.
1188 2283 1233 2316 sex
1249 2264 1350 2329 molan,

284 2350 406 2417 Qualiter
421 2359 515 2400 natura
530 2348 657 2416 cujusque
673 2344 714 2396 sit.
837 2363 892 2397 non
908 2345 981 2396 mala.
996 2345 1087 2398 Plures
1103 2364 1157 2396 non
1174 2343 1276 2396 babent
1292 2363 1349 2396 esse.

327 2429 392 2482 285.
429 2429 554 2480 Texentem
586 2424 656 2478 telam
682 2423 793 2474 studiose.
838 2424 1010 2494 singulariter
1039 2421 1184 2476 admodum
1207 2422 1273 2494 legit
1300 2423 1351 2476 lto·

285 2510 381 2561 Totam
395 2503 423 2559 in
439 2507 489 2558 tela
507 2503 627 2557 texenda.
643 2499 797 2569 Menander,
839 2503 926 2570 tbius,
946 2503 1057 2574 nulloque
1079 2503 1171 2554 malaca
1195 2522 1221 2553 re
1244 2523 1301 2573 erp.
1320 2521 1351 2556 nt.

265 2595 268 2608 ¹
282 2577 795 2657 dilanior-sipixpipnropuono'sorntiso.
839 2578 976 2654 Bipontin.
993 2581 1095 2648 editor,
1115 2583 1181 2634 nulla
1194 2583 1260 2633 mala
1276 2603 1302 2632 re
1316 2585 1351 2633 in·

330 2670 393 2721 286.
416 2662 572 2717 Mediocriter
591 2666 717 2726 uestitum,
732 2675 797 2712 ueste
840 2663 980 2735 terpolutorn
1003 2683 1034 2715 rn.
1057 2695 1098 2705 —
1120 2663 1183 2714 Esse
1207 2663 1352 2733 expolitum,

287 2741 389 2818 lugubri.
410 2745 473 2797 Sine
493 2742 709 2813 interpunctione
735 2741 798 2811 legit
839 2742 946 2814 supple,
960 2743 1103 2810 offendimus
1111 2763 1163 2793 eunt
1174 2761 1240 2805 esse,
1253 2756 1352 2796 etc.-

287 2826 366 2896 Valp.
376 2825 492 2876 Medtbrr.
504 2827 615 2874 uestitum
623 2822 797 2890 uestelug.—
839 2821 919 2874 Nulla
936 2823 1000 2873 mula
1016 2843 1042 2874 re
1059 2823 1175 2875 muliebri.
1192 2819 1353 2892 Pigmentis,

286 2907 446 2959 Mediocriter.
459 2901 579 2956 Modesto
592 2916 618 2954 et
631 2901 795 2972 simpliciter.
839 2901 917 2966 luco,
928 2902 1047 2974 gemmis.
1061 2903 1127 2967 Quae
1140 2900 1250 2974 quidem
1263 2901 1354 2954 omnis

329 2985 395 3056 287.
413 2984 503 3036 Annis.
518 2978 552 3035 G.
571 2980 620 3034 Ed.
637 2979 708 3034 Med.
727 3000 796 3033 anus.
839 2981 963 3034 mulieres
981 2981 1072 3034 dolose
1088 2980 1226 3034 adhibent.

287 3063 340 3118 Sed
362 3063 464 3117 Gellius
486 3061 566 3114 Noct.
592 3061 647 3113 au.
668 3061 719 3124 lv,
744 3063 796 3127 16,
883 3079 948 3129 ²90·
959 3061 1057 3114 Passus.
1067 3059 1125 3114 Par.
1138 3082 1166 3135 p.
1178 3079 1234 3115 var.
1245 3081 1351 3132 sparsus.

287 3149 355 3198 enisis
369 3142 524 3197 Terentium
542 3139 676 3210 scripsisse
696 3153 795 3194 monet.
839 3171 880 3183 -
893 3141 1015 3194 Protinus.
1032 3141 1166 3195 Bentleius
1178 3142 1286 3212 reponit
1296 3161 1353 3210 pro·

287 3223 353 3278 Peri.
363 3254 403 3264 --
413 3222 476 3293 Qua
486 3233 546 3272 erut.
558 3221 667 3272 Veteres
677 3217 796 3286 codices,
841 3223 938 3283 missus‚·
949 3221 1083 3292 improbat
1094 3221 1171 3274 Both.
1186 3217 1234 3293 qui
1246 3221 1355 3292 reponit

287 3325 340 3378 quse
364 3315 413 3356 turn
432 3313 492 3354 erat.
516 3297 596 3354 Lind.
624 3299 664 3353 Ita
690 3318 797 3372 quoque
837 3301 964 3371 prodigus.
981 3301 1144 3362 -Passus,
1161 3301 1354 3372 sparsus‚lon·

288 3383 377 3438 Guell.
398 3401 424 3436 a.
442 3411 483 3422 -
499 3381 588 3436 Annis.
608 3381 660 3432 Pro
678 3379 796 3450 genitivo
839 3397 896 3450 gns.
910 3413 950 3423 -
965 3381 1053 3450 Caput.
1066 3379 1231 3434 sumendum
1243 3379 1289 3434 bic
1302 3399 1354 3452 pro

286 3483 354 3517 untes.
367 3465 405 3517 M.
414 3463 565 3515 Varronem
578 3471 604 3512 et
613 3457 642 3513 P.
658 3458 796 3530 Nigidium
840 3463 960 3514 cervicem.

287 3555 390 3596 constat
405 3561 460 3594 non
480 3539 555 3593 aliter
574 3540 677 3592 locutos
694 3557 749 3591 csse
771 3549 798 3591 et
883 3539 1237 3610 29r.1lejectusnegligenter.
1251 3573 1257 3586 .
1270 3547 1353 3610 pax!

287 3621 420 3694 scripsisse
434 3639 513 3693 quam
526 3623 631 3676 senatuis
647 3631 672 3670 et
685 3617 794 3678 domnis,
841 3618 1042 3690 Interpungitur
1059 3619 1088 3671 in
1102 3617 1183 3691 Volp.
1199 3621 1254 3690 liej.
1274 3619 1354 3690 negli-

285 3699 331 3774 qui
340 3715 378 3756 est
389 3699 519 3754 secundus
526 3717 688 3771 casusquum
695 3699 797 3769 primus
839 3711 924 3768 genter
937 3713 947 3747 .·
958 3707 1025 3770 pue!
1039 3697 1202 3752 Postremum
1216 3699 1286 3752 hanc
1304 3717 1354 3752 ro·

284 3783 318 3834 sit
333 3791 427 3834 senatus
443 3779 574 3832 etdomus.
841 3797 899 3831 cem
921 3780 989 3832 male
1004 3797 1081 3832 servo
1096 3777 1206 3832 attribui
1220 3775 1355 3832 existimat

326 3861 390 3914 288.
410 3861 451 3912 Ita
468 3863 511 3911 uti.
527 3857 618 3911 Bemb.
633 3856 794 3910 solusomit·
838 3857 917 3911 Both.
941 3871 967 3910 et
986 3859 1067 3930 igitur
1079 3859 1160 3930 legit:
1178 3859 1210 3912 Il.
1225 3859 1353 3928 negligen-

282 3941 316 3993 tit
328 3943 372 3992 ita.
383 3969 422 3983 -
440 3937 637 4008 Quoeornantur.
650 3936 700 3990 Ed.
713 3937 792 4008 prim.
839 3949 882 3990 ter.
900 3938 982 3993 Cam.
998 3937 1068 4002 Pae,
1083 3935 1144 4010 Syre
1155 3941 1202 4003 mi,
1217 3959 1241 3993 ο.
1259 3939 1290 3992 Ζ.
1307 3937 1354 3990 ha·

283 4034 308 4072 et
326 4018 370 4072 Br.
391 4029 502 4071 ornatur.
529 4049 561 4061 -
589 4017 647 4069 Sine
667 4037 735 4070 outo.
756 4017 794 4069 Ut
837 4015 883 4070 bct
902 4035 909 4072 τ
926 4019 957 4071 Il.
979 4037 1004 4072 n.
1022 4017 1181 4092 Cn11.Syre
1199 4022 1247 4086 rni,
1265 4039 1288 4072 ο.
1312 4045 1353 4060 ·-

280 4093 367 4152 statim
381 4095 540 4168 intelligeret
549 4094 654 4162 Clinia,
670 4094 736 4149 illud
743 4092 794 4149 'sm-
838 4095 911 4150 Pae!
932 4097 1048 4152 Cliniam
1069 4099 1242 4152 exsultantem
1263 4107 1292 4151 et
1307 4115 1351 4168 ge·
