2890 4866
481 389 553 460 DE
580 389 840 458 THEATRO.
1068 411 1194 462 cxxvrr

117 513 214 584 dium
237 511 342 608 ipsius
366 525 554 600 exstructa,
581 526 614 582 et
638 512 681 581 ad
701 536 807 582 unum
826 523 956 582 tautum
972 511 1194 609 hemicyclum

116 636 313 720 spectante3
329 649 406 692 nam
425 623 467 692 ab
484 638 628 717 utroque
646 622 892 716 Amphitheatri
904 623 1111 694 semicirculo
1123 651 1195 720 spe·

116 735 203 803 ctari
225 758 295 802 non
318 748 476 828 poterant
499 733 701 804 Coma-uliae:
724 757 792 827 quo
810 731 954 822 factum,
977 749 1035 822 ut,
1058 734 1194 806 durnin

117 842 213 913 aliud
225 835 318 914 latus
336 868 499 932 vacuum,
518 843 582 915 alia
607 842 797 939 spectacula
824 843 998 914 confestim
1024 869 1193 942 propone·

116 968 256 1040 rentur,
268 953 373 1024 veluti
393 954 540 1049 pugiles,
561 950 765 1043 funambuli,
792 969 826 1023 et
846 955 1037 1049 hujusmodi
1057 973 1194 1044 caetera,

116 1065 266 1160 populus
286 1080 364 1136 ante
380 1065 567 1138 absolutam
583 1066 792 1138 Comoediam
810 1064 890 1135 illuc
902 1067 1129 1154 concurrerit,
1151 1069 1195 1139 ad

118 1175 196 1249 loca
213 1177 442 1249 commodiora
463 1177 680 1271 occupanda,
701 1174 986 1270 quemadmodum
1008 1178 1078 1272 ipse
1093 1183 1196 1250 Poeta

117 1289 356 1384 conqueritur,
378 1313 488 1382 neque
514 1302 654 1384 propter
678 1288 874 1382 strepitum,
893 1303 928 1357 et
953 1288 1133 1358 mulierum
1156 1291 1198 1359 de

31 1427 39 1444 ‘
118 1397 195 1468 loco
223 1398 448 1493 pugnantium
473 1395 676 1485 clamorem,
702 1397 833 1468 absolvi
852 1399 1016 1493 potuerit.
1035 1400 1201 1488 Quodne

118 1509 289 1580 accideret
306 1511 341 1578 in
361 1506 505 1604 publicis
522 1507 644 1594 Ludis,
663 1508 817 1577 existimo
830 1507 1041 1601 potissimum
1055 1511 1197 1580 movisse

118 1621 242 1692 Caium
258 1619 457 1704 Curionem,
475 1618 534 1710 qui
559 1617 648 1688 ballo
665 1615 754 1686 civili
774 1619 809 1686 in
829 1619 1025 1690 Caesarianis
1044 1621 1198 1713 partibus

118 1731 225 1816 obiit,
248 1745 285 1800 ut
299 1729 446 1800 Theatra
463 1727 531 1798 duo
547 1727 673 1821 lignea,
687 1750 792 1822 eaque
809 1726 1012 1823 amplissima
1031 1729 1197 1825 excogita·
1259 1741 1266 1762 ⁸

118 1856 189 1929 ret,
207 1842 242 1910 in
263 1839 386 1935 quibus
404 1840 505 1908 etiarn
525 1837 600 1908 duae
620 1852 729 1908 essent
756 1863 881 1926 scenae,
899 1855 1038 1934 propter
1059 1856 1195 1936 speeta-

118 1969 236 2024 torum
257 1951 541 2036 commoditatem.
564 1951 670 2019 Erant
689 1962 802 2018 autem
829 1949 944 2044 (quod
961 1950 1085 2019 mirum
1108 1949 1195 2046 fuit)

118 2065 299 2138 cardinum
317 2061 525 2159 singulorum
545 2059 693 2132 versatili
711 2084 873 2153 suspensa
901 2059 1122 2147 libramento,
1143 2064 1197 2131 in·

118 2180 196 2273 quit
208 2177 357 2265 Plinius,
375 2153 401 2245 e¹
415 2174 538 2270 quibus
561 2172 711 2265 utrisque
729 2169 995 2241 antemeridiano
1019 2170 1202 2252 Ludorum

120 2289 312 2386 spectaculo
330 2287 422 2359 edito
434 2286 522 2356 inter
536 2307 570 2354 se
586 2283 708 2352 aversis
724 2279 789 2377 (ne
805 2281 947 2350 invicem
965 2279 1198 2378 obstreperent

121 2401 245 2496 scente)
259 2415 292 2470 et
306 2413 444 2494 repente
458 2394 679 2482 circumactis,
693 2407 731 2462 ut
747 2407 865 2462 contra
877 2405 1019 2478 starent3
1030 2399 1198 2488 postremo

117 2515 190 2608 jam
202 2511 256 2582 die
269 2506 545 2582 descendentibus
560 2503 699 2590 tabulis,
711 2518 746 2573 et
758 2503 916 2573 omnibus
925 2503 1013 2574 inter
1025 2529 1061 2573 se
1074 2507 1198 2576 coeun-

119 2623 232 2710 tibus,
245 2621 387 2692 faciebat
399 2616 693 2713 Anrphitheatrum
702 2669 712 2702 ,
721 2630 755 2684 et
771 2613 993 2710 gladiatorum
1007 2618 1197 2712 spectacula

120 2733 259 2818 edebat,
273 2733 383 2827 ipsum
400 2729 508 2824 magis
520 2741 732 2797 auctoratum
747 2723 911 2820 populum
922 2731 1113 2798 Romanum
1130 2731 1197 2799 cir·

121 2849 323 2918 cumler'ens.
349 2849 470 2940 Itaque
496 2841 611 2932 vides,
638 2839 921 2935 quemadmodum
942 2840 1071 2912 Scenioi
1089 2844 1199 2934 Ludi,
1319 2929 1322 2934 Ι

121 2959 206 3034 dum
220 2971 417 3054 agerentur,
434 2954 559 3024 aversis
576 2951 730 3022 Theatris
746 2951 949 3046 agebantur,
968 2977 1011 3022 ne
1029 2955 1127 3024 turba
1143 2955 1199 3026 lie·

121 3085 194 3157 ret;
210 3069 291 3139 dum
306 3081 418 3138 autern
436 3064 732 3161 proponebantur,
749 3076 809 3130 aut
828 3059 1103 3156 producebantur
1120 3064 1194 3162 gla-

123 3183 290 3268 diatores,
318 3181 353 3250 in
375 3175 623 3273 Amphitheatri
650 3172 899 3244 reducebantur
922 3173 1082 3262 formam,
1108 3179 1196 3248 etin

123 3319 232 3364 unum
251 3292 320 3361 duo
344 3290 490 3360 Theatra
514 3287 658 3358 coibant.
692 3285 757 3356 Sed
783 3301 817 3357 et
843 3287 1024 3358 novissimo
1052 3288 1106 3357 die
1125 3289 1199 3386 (ait

123 3404 237 3499 idern)
254 3403 369 3473 divisis
383 3400 518 3502 ,duabus
540 3425 602 3494 per
627 3395 776 3466 medium
795 3397 916 3484 saenis,
934 3396 1076 3469 athletas
1092 3399 1197 3472 edidit

123 3516 249 3604 Curio,
264 3515 437 3610 raptisque
454 3524 592 3605 repente
606 3533 624 3578 e
640 3507 811 3578 contrario
826 3507 981 3602 pulpitis,
995 3509 1111 3580 eodem
1125 3511 1194 3600 die,

122 3627 268 3697 victores
285 3651 304 3695 e
319 3621 562 3721 gladiatoribus
579 3619 646 3689 suis
664 3616 833 3712 produxit.
860 3616 964 3686 Vides
978 3620 1196 3714 quemadmo-

124 3737 205 3809 dum
226 3736 396 3833 pulpitum
415 3733 516 3802 etiam
529 3729 760 3818 auferebatur,
776 3728 856 3798 dum
870 3727 1070 3822 gladiatores
1086 3734 1199 3828 prodi.

122 3864 217 3936 rent3
232 3873 309 3918 narn
324 3847 432 3942 ipsam
444 3867 557 3913 aream
569 3841 771 3935 occupabat:
781 3840 847 3910 hoc
858 3853 968 3909 autem
984 3841 1106 3913 factum
1120 3843 1198 3934 fuit,

122 3958 220 4032 sessis
231 3956 443 4051 turbatisque
453 3951 651 4024 volubilium
660 3952 884 4022 Theatrorum
897 3951 1100 4025 cardinibus.
1109 3959 1196 4028 Nam

122 4084 202 4142 ante
216 4093 287 4140 non
310 4081 384 4137 erat
403 4091 488 4161 opus
505 4067 651 4135 eximere
667 4063 849 4158 pulpitum,
867 4088 972 4158 quum
989 4078 1105 4136 contra
1129 4083 1196 4138 sta·

336 4385 350 4418 x
388 4395 396 4404 ι
